3046 5092
486 284 589 335 SABB.
610 285 658 334 IN
672 284 737 334 XII.
758 282 1020 335 LECTIONIBUS.

669 463 790 527 anm
812 461 854 526 V.

199 582 324 646 Annue
347 583 531 646 misericors
556 583 638 646 deus
663 593 700 645 ut
724 583 781 665 qui
813 583 926 645 diuina
951 591 1130 664 praecepta
1156 581 1315 646 uiolando
1338 603 1358 644 a

155 671 310 751 paradysi
329 670 485 733 felicitate
501 671 695 734 decidimus.
712 672 753 732 ad
778 667 928 744 aeterna†
943 668 1159 732 beatitudinis
1183 671 1358 733 redeamus

155 777 324 820 accessum
342 779 400 841 per
415 759 600 820 custodiam
617 759 861 819 mandatorum.
878 777 944 838 per.

689 877 824 940 Secreta.

203 980 341 1044 Hostias
358 981 471 1063 populi
488 981 535 1042 tui
558 1000 738 1063 quesumus
754 981 889 1042 domine
906 980 1079 1042 miseratus
1097 980 1243 1043 intende.
1259 990 1294 1042 et
1309 982 1354 1043 tu¹

155 1066 216 1129 tibi
234 1069 424 1131 reddantur.
441 1077 578 1149 accepta
593 1069 811 1130 conscientias
837 1078 966 1130 nostras
990 1069 1096 1130 sancti
1120 1068 1257 1149 spiritus
1273 1067 1358 1130 salu·

157 1157 236 1217 taris
253 1156 413 1218 emundet
428 1157 602 1218 aduentus
619 1175 684 1237 per.

667 1274 847 1353 Praefatio.

201 1380 250 1442 tf)
275 1400 332 1461 per
351 1378 509 1440 christum
534 1378 706 1439 dominum
732 1388 889 1439 nostrum.
946 1378 1008 1439 Per
1030 1398 1128 1458 quern
1147 1378 1356 1441 maiestatem

157 1473 258 1528 tuam.
293 1467 485 1548 suppliciter
515 1467 666 1547 petimus,
698 1474 734 1526 ut
764 1465 897 1546 spiritus
935 1475 1069 1527 sanctus
1106 1465 1208 1527 corda
1247 1474 1358 1527 nostra

159 1553 338 1616 clementer
352 1562 526 1635 expurget.
548 1562 581 1614 et
608 1552 658 1612 sui
679 1551 811 1613 luminis
835 1551 1054 1613 inradiatione
1077 1552 1263 1633 perlustret.
1312 1552 1357 1615 Ut

159 1641 191 1700 in
217 1641 335 1722 coqui
363 1641 542 1721 gratiarum
570 1636 720 1721 [largitor
744 1647 794 1699 est
821 1648 909 1699 recta
934 1639 1103 1719 sapiamus
1119 1648 1153 1700 ct
1177 1640 1220 1700 de
1237 1638 1293 1720 [so.
1310 1640 1356 1717 87.

105 1747 107 1755 ·
159 1728 229 1788 eius
245 1726 471 1789 consolatione
488 1727 519 1787 in
537 1735 733 1807 perpetuum
757 1725 970 1806 gaudeamus
987 1744 1169 1807 perquem.

603 1844 634 1907 A
638 1844 665 1906 d
675 1843 900 1925 corrpolendum.

204 1948 313 2012 Sacris
323 1948 522 2012 caelestibus
534 1948 669 2011 domine
684 1948 766 2009 uitia
776 1958 888 2009 nostra
902 1959 1091 2029 purgentur.
1102 1946 1153 2023 etl
1169 1949 1357 2013 muneribus

159 2035 225 2097 tuis
240 2056 371 2119 semper
387 2037 551 2118 possimus
567 2035 684 2116 aptari.
701 2055 759 2116 per
774 2035 955 2096 dominum.

656 2204 773 2267 Fama
796 2204 859 2268 Vl.

206 2315 260 2378 Da
269 2337 448 2397 quesumus
465 2314 645 2377 aecclesiae
663 2326 741 2378 tuae
757 2316 941 2377 misericors
957 2317 1039 2379 deus
1056 2326 1093 2380 ut
1109 2330 1228 2382 sancto
1244 2320 1356 2402 spiritu

161 2415 371 2484 congregata.
387 2403 499 2465 hostili
517 2402 704 2465 nullatenus
721 2403 906 2464 incursione
922 2405 1080 2466 turbetur.
1097 2425 1165 2487 per.
1185 2435 1189 2441 ·

683 2523 822 2586 Secreta.

208 2626 373 2689 Sacrificia
399 2627 533 2687 domine
558 2628 621 2688 tuis
646 2626 758 2687 oblata
773 2627 1014 2707 conspectibus.
1033 2628 1118 2707 ignis
1136 2628 1191 2691 ille
1207 2630 1358 2692 uidimus²

163 2714 324 2774 adsumat.
341 2716 395 2793 qui
412 2712 647 2793 discipulorum
665 2714 775 2774 christi
793 2715 840 2774 tui
858 2735 915 2794 per
931 2716 1082 2795 spiritum
1097 2727 1251 2779 sanctum
1264 2719 1359 2779 corda

163 2802 340 2861 succendit.
357 2822 422 2882 per.

681 2921 861 2998 Praefatio.

209 3024 257 3086 (D
282 3034 413 3084 aeterne
439 3024 528 3085 deus
577 3025 620 3086 Et
649 3025 857 3085 maiestatem
882 3034 973 3085 tuam
999 3024 1193 3106 suppliciter
1215 3048 1361 3090 exorare.

165 3120 201 3170 ut
217 3112 350 3190 spiritus
368 3111 557 3191 paraclytus
574 3112 616 3173 ad
634 3132 694 3172 nos
711 3113 830 3172 ueniat.
847 3121 880 3172 et
893 3133 953 3172 nos
970 3114 1190 3175 inhabitando
1200 3116 1359 3197 templum

166 3216 243 3256 suae
260 3198 442 3258 maiestatis
460 3198 588 3259 efficiat.
636 3197 733 3275 Quod
760 3218 835 3258 cum
861 3200 1029 3277 unigenito
1047 3200 1115 3260 filio
1132 3212 1191 3262 tuo
1208 3201 1358 3262 clementi

167 3293 315 3363 respectu
332 3305 462 3364 semper
479 3286 622 3363 digneris
650 3286 788 3344 inuisere
809 3295 843 3345 et
871 3296 946 3346 tuae
971 3286 1221 3349 inhabitationis
1240 3289 1361 3369 fulgore

167 3371 197 3429 in
216 3380 410 3449 perpetuum
428 3371 633 3451 perlustrare.
652 3391 834 3451 perquem.

610 3509 671 3569 Ad
689 3508 915 3587 corrrplendum.

211 3609 420 3689 Sumpsimus
437 3612 570 3672 domine
582 3613 665 3673 sacri
681 3614 771 3673 dona
784 3613 930 3691 mysterii
942 3612 1110 3676 humiliter
1119 3616 1359 3697 depraecantes.
1422 3665 1438 3675 .

165 3707 202 3757 ut
232 3716 317 3775 quae
349 3698 380 3757 in
408 3700 455 3758 tui
487 3701 840 3760 commemorationem
872 3720 932 3760 nos
964 3700 1071 3761 lacere
1102 3705 1301 3784 praecepisti
1331 3704 1358 3763 in
1404 3724 1438 3764 ι

165 3794 297 3843 nostrae
314 3783 487 3864 proficiant
505 3785 705 3847 infirmitatis
721 3787 893 3847 auxilium.
911 3807 969 3867 per
984 3789 1168 3851 dominum.

448 3969 619 4034 Sarannro
644 3987 685 4034 nr
710 3973 790 4035 XII.
817 3973 1082 4037 Lacrrournus

208 4086 377 4148 Mentibus
395 4090 513 4150 nostris
530 4092 664 4153 dominc
680 4094 831 4173 spiritum
856 4105 1007 4155 sanctum
1032 4094 1197 4175 benignus
1224 4095 1413 4158 infunde:

165 4175 256 4233 cuius
282 4185 314 4236 et
339 4176 503 4255 sapientia
532 4180 656 4240 conditi
685 4201 800 4241 sumus
832 4190 864 4241 et
896 4182 1105 4262 prouidentia
1136 4186 1394 4263 gubernamur.

168 4281 232 4339 per.

392 4383 398 4414 ¹
418 4389 466 4436 For
479 4397 515 4445 ut,
528 4391 572 4438 but
585 4392 627 4440 the
639 4394 801 4456 punctuation
814 4395 842 4443 ol
851 4395 893 4443 the
907 4395 963 4445 MS.
977 4395 998 4444 is
1009 4396 1062 4444 also
1075 4396 1160 4460 faulty.

395 4448 405 4480 ²
424 4455 470 4502 For
481 4456 593 4505 dminus.
