3046 5092
153 294 202 349 114
231 282 304 337 1111.
321 282 375 337 11).
392 282 476 335 rm.
491 280 581 335 m
598 280 646 333 Si.
664 244 791 333 tinam
803 278 992 333 acam!
1001 278 1060 331 ET
1069 278 1291 361 amum.

195 562 330 647 Repleti
344 560 503 627 alimonia
516 559 659 625 caelesti.
668 568 703 625 et
717 558 857 643 spiritali
871 558 993 645 poculo
1006 558 1154 625 recreati
1167 578 1351 643 quesumus

151 650 364 734 omnipotens
391 649 484 713 deus
513 657 551 713 ut
580 647 624 713 ab
652 646 750 711 hoste
779 645 927 731 maligno
962 644 1132 712 defendas
1192 665 1255 712 uos
1290 666 1350 731 per

152 738 281 822 lignum
296 744 432 801 sanctae
446 735 551 799 crucis
565 732 622 797 filii
637 734 687 799 tui
700 751 795 799 arma
810 730 971 809 [iustitiae
983 752 1045 817 pro
1058 666 1241 818 salutelio
1260 749 1350 814 124v.

152 824 269 890 mundi
283 820 488 906 triumphare
503 820 636 887 iussisti.
649 840 717 905 per.

197 1036 236 1089 11.
258 1023 357 1089 Nou.
379 1020 467 1088 Mar.
491 1021 650 1088 Nissen
671 1020 815 1087 sanem
839 1020 1031 1087 Inmunis
1054 1020 1248 1087 Anosnoni
1270 1033 1319 1085 aa

602 1107 909 1173 Eunuonmsme

198 1222 292 1287 Deus
306 1220 364 1304 qui
387 1219 552 1304 conspicis
577 1219 656 1304 quia
677 1239 739 1284 nos
753 1220 902 1303 undique
917 1217 1006 1284 mala
1020 1227 1135 1284 nostra
1148 1219 1357 1304 perturbant

154 1318 287 1393 praesta
315 1326 497 1391 quesumus
526 1316 565 1372 ut
593 1306 683 1371 beati
712 1306 866 1371 iohannis
895 1306 1039 1391 apostoli
1068 1307 1130 1371 tui.
1159 1306 1356 1373 intercessio

153 1395 300 1481 gloriosa
314 1415 375 1473 nos
390 1402 555 1478 protegat
569 1413 629 1477 per
643 1394 826 1459 dominum.

685 1529 823 1595 Secreta

200 1636 396 1701 Muneribus
407 1636 528 1701 nostris
542 1653 723 1719 quesumus
736 1634 873 1699 domine
887 1634 1127 1718 praecibusque
1141 1634 1310 1719 susceptis
1323 1642 1360 1699 et

155 1723 333 1791 celestibus
348 1743 410 1788 nos
425 1723 551 1788 munda
566 1721 742 1807 mysteriis
757 1734 793 1787 et
806 1721 989 1786 clementer
1002 1722 1136 1786 exaudi.
1151 1742 1219 1806 per.

609 1858 642 1923 A
645 1858 673 1923 d
681 1857 908 1941 complendum.

201 1962 331 2027 Refecti
354 1962 491 2027 domine
513 1982 602 2045 pane
624 1961 767 2027 caelesti.
781 1963 826 2027 ad
840 1962 947 2027 uitam
968 1980 1150 2045 quesumus
1172 1960 1362 2027 nutriamur

157 2058 336 2115 aeternam.
351 2068 412 2132 per
425 2050 599 2114 dominum
615 2058 774 2115 nostrum

157 2256 205 2308 vt
223 2243 332 2308 Non.1
353 2242 439 2308 Mar.
456 2242 613 2309 Numan
628 2242 866 2311 Snucnonuss
881 2242 1077 2310 Gonnrnur
1093 2255 1142 2306 aa
1157 2241 1361 2308 nemnem

203 2355 259 2419 Da
287 2374 469 2438 quesumus
491 2357 704 2440 omnipotens
727 2358 809 2422 deus
832 2366 871 2422 ut
893 2357 951 2441 qui
973 2357 1149 2421 beatorum
1172 2364 1357 2437 martyrum

159 2442 311 2526 gordiani
337 2452 438 2523 atque
464 2443 629 2525 epimachi
656 2443 854 2528 sollempnia
883 2443 1032 2508 colimus.
1056 2461 1172 2506 eorum
1203 2442 1296 2525 apud
1325 2450 1360 2505 te

159 2529 448 2592 intercessionibus
464 2530 667 2595 adiuuemur.
682 2551 741 2612 per
755 2532 929 2594 dominum
945 2540 1104 2594 nostrum.

692 2666 827 2731 Secreta.

206 2769 345 2832 Hostias
378 2769 438 2831 tibi
475 2769 610 2833 domine
644 2769 816 2834 beatorum
855 2779 1038 2851 martyrum
1076 2768 1229 2850 gordiani
1261 2777 1358 2848 atque

161 2855 324 2938 epimachi
349 2856 477 2919 dicatas
504 2857 628 2919 meritis
655 2857 817 2939 benignus
847 2858 987 2921 adsume
1016 2865 1049 2919 et
1079 2855 1121 2917 ad
1162 2864 1356 2937 perpetuum

161 2943 257 3006 nobis
273 2943 379 3006 tribue
394 2944 569 3025 prouenire
584 2944 775 3007 subsidium.
792 2964 857 3026 per.

608 3065 671 3127 Ad
681 3064 905 3146 cortzplendum.

207 3166 397 3250 Quesumus
423 3167 635 3248 omnipotens
659 3168 747 3230 deus.
764 3176 801 3229 ut
823 3167 881 3248 qui
903 3165 1058 3230 caelestia
1073 3165 1234 3228 alimenta
1250 3183 1401 3247 perce—

162 3255 280 3337 pimus.
304 3255 584 3317 intercedentibus
613 3255 735 3316 sanctis
765 3255 831 3316 tuis
860 3254 1022 3336 gordiano
1051 3262 1153 3334 atque
1177 3250 1402 3334 epimacho:

161 3361 220 3425 per
235 3340 317 3403 haec
332 3351 448 3404 contra
462 3341 575 3403 omnia
590 3341 729 3403 aduersa
745 3341 941 3404 muniamur.
957 3361 1023 3421 per.

178 3558 247 3608 1111.
272 3544 362 3607 Inus
387 3543 473 3605 Mni.
499 3542 916 3693 Nanncapsnucnonuu
941 3543 1064 3605 Nnnsi
1089 3542 1280 3605 Acfflcciu
1302 3551 1402 3602 a*

679 3644 870 3695 Ancnnnn.

209 3742 348 3825 Semper
385 3762 445 3804 nos
483 3743 618 3807 domine
653 3753 835 3825 martyrum
866 3751 999 3805 tuorum
1031 3740 1129 3803 nerei.
1162 3739 1289 3802 achillei
1390 3762 1402 3804 e

164 3830 325 3913 pancratii
351 3829 463 3892 foueat
486 3849 667 3911 quesumus
697 3830 796 3894 beata
824 3829 1063 3911 sollempnitas.
1092 3837 1126 3890 et
1153 3838 1213 3890 tuo
1242 3826 1402 3907 dign-os

165 3919 282 3982 reddat
297 3916 466 3997 obsequio.
482 3937 541 4000 per
556 3918 729 3981 dominum
746 3927 905 3981 nostrum.

697 4038 832 4102 Secreta.

211 4142 409 4208 Sanctorum
437 4151 569 4205 tuorum
600 4142 735 4205 domine
765 4141 863 4204 nerei.
882 4139 1010 4204 achillei
1035 4147 1070 4202 et
1100 4137 1268 4220 pancratii.
1296 4129 1359 4198 tibi

165 4241 262 4314 grata
276 4228 447 4293 consessio.
463 4237 497 4292 et
520 4248 658 4293 munera
672 4238 784 4292 nostra
799 4227 1020 4291 commendet.
1037 4233 1084 4309 let
1099 4237 1194 4290 tuam
1218 4224 1271 4307 [so.
1289 4233 1344 4298 125.

166 4317 263 4382 nobis
279 4316 520 4400 indulgentiam
536 4336 668 4400 semper
685 4315 847 4398 imploret
863 4336 929 4399 per.

590 4450 601 4485 ¹
617 4453 652 4506 so
663 4452 722 4506 MS.
734 4452 772 4504 ior
783 4453 819 4504 vi.
832 4452 896 4504 r'dus.
