3046 5092
444 354 472 405 V.
500 354 584 405 Kal„
612 353 715 404 SEPT.
742 352 830 404 Nar.
858 353 889 410 S.
913 351 1122 403 HERMETIS.
1333 364 1381 417 205

176 548 255 599 vm.
279 534 372 598 Knt.
397 533 503 598 Sana.
528 533 685 596 Names
709 532 852 598 sanctu
876 532 1156 595 Banraotonai
1180 530 1378 597 Aposrom.

221 643 446 728 Omnipotens
476 645 677 726 sempiterne
707 643 790 707 deus
820 643 877 725 qui
915 644 1013 706 huius
1050 644 1115 707 diei
1154 644 1377 708 uenerandam

176 745 395 813 sanctamque
423 732 584 794 laetitiam
613 731 700 794 beati
728 731 870 813 apostoli
896 732 944 793 tui
962 729 1181 793 bartholomei
1198 729 1378 794 festiuitate

176 820 328 883 tribuisti.
346 820 389 881 da
403 818 563 880 ecclesiae
586 827 665 880 tuae
688 838 869 899 quesumus
884 827 919 880 et
934 837 1045 880 amare
1067 817 1157 899 quod
1182 818 1329 881 credidit.
1345 827 1379 880 et

176 907 367 989 praedicare
382 907 473 987 quod
489 905 612 967 docuit.
630 924 696 986 per.

709 1022 848 1088 Secreta.

220 1124 316 1187 Beati
332 1122 475 1207 apostoli
500 1123 548 1186 tui
576 1122 798 1186 bartholomei
822 1123 915 1186 cuius
939 1123 1136 1206 sollempnia
1161 1143 1376 1186 recensemus

176 1232 359 1293 quesumus
381 1211 525 1275 domine.
542 1220 579 1272 ut
605 1210 732 1272 auxilio
756 1211 826 1272 eius
854 1219 912 1272 tua
938 1209 1098 1273 beneficia
1121 1211 1301 1293 capiamus.
1317 1231 1377 1292 pro

176 1319 244 1380 quo
260 1298 387 1361 hostias
404 1297 462 1360 tibi
480 1296 587 1360 laudis
602 1296 778 1359 offerimus.
795 1315 854 1378 per
870 1297 1053 1360 dominum.

690 1432 873 1514 Praefatio.

220 1534 271 1597 tf)
288 1544 421 1596 aeterne
440 1533 530 1594 deus.
547 1533 603 1613 qui
629 1531 801 1595 ecclesiam
829 1541 921 1594 tuam
947 1532 1148 1613 sempiterna
1172 1533 1296 1614 pietate
1311 1553 1376 1596 non

178 1619 309 1682 deseris.
326 1620 384 1682 sed
397 1639 455 1701 per
467 1618 636 1700 apostolos
649 1628 725 1680 tuos
738 1619 857 1699 iugiter
873 1619 991 1681 erudis.
1004 1628 1037 1680 et
1053 1619 1124 1680 sine
1140 1617 1205 1681 fine
1220 1622 1377 1684 custodis,

177 1727 234 1789 per
250 1707 419 1769 christum.

633 1808 664 1870 A
669 1807 696 1869 d
706 1808 931 1888 complendum.

221 1908 433 1990 Sumpsimus
471 1907 608 1970 domine
638 1907 759 1989 pignus
798 1906 913 1968 salutis
951 1917 1114 1971 aeternae.
1152 1909 1377 1972 caelebrantes

176 1994 266 2058 beati
293 1995 515 2058 bartholomei
545 1993 687 2076 apostoli
713 1993 762 2056 tui
786 1993 901 2056 uotiua
927 1993 1132 2075 sollempnia.
1159 2005 1192 2057 et
1218 2007 1377 2078 perpetua

175 2082 295 2145 merita
310 2090 515 2144 uenerantes.
532 2101 598 2162 per.

640 2191 747 2273 Super
752 2190 916 2273 populum.

221 2293 363 2373 Protege
392 2290 525 2355 domine
555 2290 716 2372 populum
747 2300 851 2353 tuum.
882 2287 931 2373 let
961 2291 1187 2372 apostolorum
1219 2291 1273 2374 [fo.
1310 2309 1377 2372 147.

169 2387 309 2530 suorum
326 2378 509 2460 patrocinio
525 2376 756 2440 confidentem.
771 2385 931 2459 perpetua
940 2377 1131 2440 defensione
1143 2399 1309 2442 conserua.
1321 2401 1379 2463 per

197 2485 359 2529 ominum.

277 2624 325 2673 v1.
350 2610 441 2673 Kar..
465 2609 573 2674 Sept.
599 2609 755 2671 Names
779 2607 921 2672 SANCTI
946 2609 1043 2672 Ruit
1069 2608 1276 2674 Mauritius.

216 2723 352 2786 Adesto
375 2721 510 2784 domine
536 2719 831 2802 supplicationibus
846 2720 973 2782 nostris,
990 2729 1023 2783 et
1038 2719 1127 2783 beati
1144 2720 1203 2783 rufi
1226 2723 1379 2786 interces-

164 2810 324 2874 sionibus
340 2806 552 2872 confidentes.
568 2827 629 2870 nec
646 2807 742 2869 minis
758 2807 1013 2870 aduersantium.
1030 2828 1091 2871 nec
1114 2808 1181 2870 ullo
1205 2810 1378 2873 conturbe-

167 2894 268 2971 mus†
284 2897 424 2967 incursu.
441 2915 500 2976 per
514 2894 697 2957 dominum.

710 3012 849 3077 Secreta.

217 3114 354 3181 Oblatis
376 3133 557 3195 quesumus
580 3112 715 3175 domine
737 3111 868 3194 placare
892 3113 1090 3175 muneribus,
1107 3124 1140 3176 et
1156 3115 1379 3179 intercedente

161 3201 276 3267 beato
292 3200 365 3265 rulo
383 3211 528 3281 martyre
544 3210 609 3263 tu0.
623 3200 781 3261 acunctis
797 3217 857 3260 nos
869 3198 1011 3262 deiende
1026 3200 1186 3281 periculis.
1203 3222 1261 3284 per
1272 3203 1380 3265 domi-

157 3308 266 3355 num.

686 3388 868 3467 Praefatae.

218 3492 270 3556 (D
285 3500 417 3552 aeterne
433 3489 524 3551 deus.
569 3487 737 3570 Quoniam
751 3487 1047 3569 supplicationibus
1063 3490 1183 3551 nostris
1200 3491 1379 3554 misericor-

151 3579 267 3642 diam
280 3587 374 3639 tuam
387 3574 584 3638 confidimus
596 3574 794 3637 adfuturam.
805 3594 906 3654 quam
923 3574 1010 3636 beati
1028 3574 1087 3637 rufi
1104 3577 1271 3657 poscimus
1284 3579 1382 3641 inter-

155 3675 281 3730 uentu
298 3663 403 3725 nobis.
420 3673 452 3726 et
469 3662 673 3724 consessione
689 3662 856 3742 praestari.
873 3682 932 3743 per
947 3660 1114 3724 christum.

632 3780 695 3842 Ad
704 3779 928 3860 conplendum.

218 3880 431 3947 Caelestibus
447 3880 558 3943 resecti
574 3880 789 3942 sacramentis
806 3890 839 3941 et
849 3880 979 3961 gaudiis
995 3879 1160 3962 supplices
1176 3891 1209 3944 te
1225 3902 1381 3963 rogamus

153 3970 315 4034 domine
326 3978 364 4030 ut
379 3987 520 4048 quorum
536 3967 716 4049 gloriamur
732 3966 914 4047 triumphis
931 3977 1145 4048 protegamur
1159 3969 1299 4033 auxiliis.
1315 3991 1382 4052 per.

236 4145 270 4194 ν.
296 4130 389 4193 Knt.
413 4130 517 4195 Seps.
543 4129 699 4192 Natam:
723 4127 863 4193 Sancti
890 4129 1091 4192 Hunnans
1116 4129 1322 4195 Marinus.

220 4243 318 4306 Deus
332 4241 390 4323 qui
406 4242 541 4305 beatum
565 4240 700 4304 hermen
718 4249 897 4322 martyrem
921 4250 1016 4303 tuum
1039 4241 1162 4305 uirtute
1177 4244 1383 4307 constantiae

167 4324 208 4393 in
225 4330 384 4413 passione
407 4329 576 4392 roborasti.
592 4348 636 4390 ex
652 4328 721 4390 eius
738 4326 833 4389 nobis
856 4328 1041 4390 imitatione
1056 4329 1164 4391 tribue
1187 4350 1247 4411 pro
1269 4351 1383 4395 amore

169 4418 236 4481 tuo
258 4434 419 4500 prospera
443 4415 558 4479 mundi
581 4414 756 4496 despicere.
772 4423 806 4476 et
829 4414 920 4476 nulla
942 4413 1012 4476 eius
1036 4414 1176 4479 aduersa
1200 4416 1384 4483 formidare.

175 4518 237 4550 nm·
