3046 5092
486 358 598 410 MISSA
622 360 696 410 PRO
716 359 1011 415 SACERDOTIBUS.
1307 374 1356 429 315

201 513 266 598 Off.
290 514 384 579 Deus
409 523 446 578 tu
470 525 667 579 conuertens
695 515 877 580 uiuificabis
904 536 965 580 nos
991 527 1025 581 et
1049 517 1145 601 plebs
1171 530 1228 584 tua
1253 520 1354 585 laeta·

154 602 243 667 bitur
258 602 291 751 ig
306 611 341 665 te
355 602 495 751 ostende
510 602 606 665 nobis
621 602 756 665 domine
772 603 1031 669 misericordiam
1055 616 1147 671 tuam
1163 616 1197 672 et
1211 607 1355 672 salutare

154 698 250 755 tuum
289 709 310 752 a
325 709 369 752 no
394 690 429 751 is.

688 808 825 873 Secreta.

203 921 341 1004 Suscipe
373 920 628 984 clementissime
658 930 752 1002 pater
781 922 906 985 hostias
944 922 1140 1005 placationis
1178 936 1211 989 et
1249 926 1356 989 laudis

157 1007 321 1090 benignus
345 1029 428 1090 quas
453 1008 514 1071 tibi
539 1007 643 1070 offero
668 1028 732 1089 ego
757 1009 911 1091 indignus
939 1011 1081 1074 famulus
1107 1022 1183 1074 tuus
1206 1033 1304 1094 quem
1322 1013 1353 1074 in

158 1096 309 1159 ordinem
325 1096 499 1158 sacerdotii
516 1115 727 1158 commouere
742 1096 899 1177 dignatus
915 1117 958 1159 es.
975 1108 1011 1160 ut
1036 1098 1094 1161 tibi
1118 1100 1257 1163 seruitus
1281 1120 1356 1163 mea

159 1181 376 1264 complaceat.
401 1192 459 1245 tua
486 1183 517 1243 in
543 1202 597 1244 me
623 1183 878 1245 misericorditer
901 1185 990 1246 dona
1016 1205 1183 1249 conserua.
1209 1188 1265 1268 qui
1296 1208 1357 1269 pro

158 1269 384 1332 sacerdotibus
400 1270 464 1331 tuis
481 1268 560 1332 mihi
577 1266 656 1343 hac†
670 1289 754 1350 opus
770 1268 972 1345 commissis†
986 1272 1161 1353 postulare.
1178 1283 1212 1336 tu
1229 1295 1264 1336 cs
1274 1275 1357 1337 deus

160 1368 197 1420 tu
221 1356 285 1419 scis
313 1353 508 1437 figmentum
533 1365 691 1419 nostrum.
718 1366 753 1418 tu
781 1357 844 1419 scis
860 1358 973 1420 omnia
988 1378 1072 1438 quac
1087 1360 1216 1441 egimus
1240 1360 1299 1423 tibi
1323 1362 1357 1423 in

158 1451 338 1525 conspectu
362 1452 427 1506 tuo.
452 1452 486 1505 et
509 1441 542 1504 in
566 1452 745 1525 conspectu
769 1453 958 1506 sanctorum
982 1455 1122 1509 tuorum.
1138 1448 1194 1528 qui
1217 1466 1283 1510 non
1308 1448 1358 1511 uis

160 1547 301 1593 mortem
329 1529 510 1612 peccatoris
534 1531 592 1593 sed
617 1538 654 1592 ut
677 1539 887 1593 conuertatur
911 1540 944 1593 et
968 1532 1066 1594 uiuat.
1093 1535 1219 1616 respice
1242 1535 1273 1595 in
1299 1555 1359 1597 nos

160 1617 296 1680 domine
322 1636 381 1698 per
411 1616 528 1678 merita
558 1626 591 1679 et
621 1617 888 1679 intercessionem
926 1617 1107 1682 beatissimi
1138 1620 1280 1703 apostoli
1311 1621 1358 1683 tui

161 1704 245 1785 petri
261 1712 295 1766 et
311 1704 464 1765 miserere
479 1703 590 1765 nostri.
613 1703 691 1784 quia
716 1712 751 1766 tu
776 1724 811 1765 es
836 1702 981 1767 clemens
1005 1715 1039 1768 et
1062 1707 1245 1769 misericors
1269 1708 1358 1770 deus.

160 1789 281 1873 perfice
317 1788 453 1852 domine
489 1788 651 1870 benignus
681 1789 714 1852 in
745 1790 841 1852 nobis
871 1800 907 1853 ut
937 1811 1022 1873 quae
1052 1793 1152 1855 sacris
1194 1793 1361 1875 mysteriis

160 1874 371 1957 proficiamur
386 1877 448 1958 piis
464 1876 649 1939 actionibus
664 1896 877 1957 exequamur.
895 1897 953 1958 per
964 1877 1145 1942 dominum.

670 2027 850 2106 Praefatae.

206 2140 256 2204 (D
286 2148 418 2202 aeterne
440 2138 530 2202 deus.
576 2137 796 2203 Clementiam
820 2148 912 2202 tuam
937 2141 1049 2221 pronis
1075 2140 1240 2204 mentibus
1264 2144 1359 2204 obse-

161 2246 300 2289 cramus.
318 2236 354 2289 ut
377 2245 438 2288 nos
463 2225 604 2288 famulos
628 2235 703 2288 tuos
718 2227 914 2289 sacerdotes.
930 2246 1013 2307 quos
1029 2235 1177 2309 [sanctae
1193 2225 1248 2308 [fo.
1265 2243 1359 2308 227v.

160 2312 346 2376 dilectionis
373 2312 468 2375 nobis
494 2311 715 2375 familiaritate
741 2312 949 2374 coniunxisti.
975 2312 1034 2375 tibi
1058 2312 1159 2376 saclas
1174 2324 1245 2377 toto
1260 2317 1360 2377 corde

161 2399 336 2462 subiectos.
361 2410 397 2462 ut
418 2399 656 2461 interueniente
680 2398 872 2461 beatissimo
898 2399 1050 2480 apostolo
1076 2408 1134 2462 tuo
1157 2410 1259 2482 petro.
1283 2412 1359 2465 tuae

161 2486 311 2549 karitatis
335 2486 450 2569 spiritu
475 2484 598 2567 repleti.
623 2505 643 2548 a
667 2486 803 2548 terrenis
828 2486 1025 2548 mundemur
1054 2486 1299 2569 cupiditatibus.
1326 2497 1359 2551 et

161 2572 296 2636 caelesti
312 2571 516 2635 beatitudine
531 2582 564 2634 te
578 2572 727 2635 donante
742 2571 834 2653 digni
850 2571 1037 2635 efficiamur.
1055 2594 1113 2656 per
1128 2575 1293 2638 christum.

157 2708 292 2859 haCrme.
316 2708 369 2772 Tu
385 2710 519 2773 domine
534 2709 680 2773 seruabis
696 2729 756 2772 nos
780 2718 813 2772 et
836 2709 1002 2772 custodies
1018 2730 1077 2773 nos
1103 2731 1122 2773 a
1148 2711 1361 2791 generatione

203 2816 222 2859 c
238 2797 270 2859 in
286 2805 465 2860 aeternum.

608 2917 671 2980 Ad
680 2915 904 2998 conplendum.

207 3029 353 3092 Domine
377 3028 459 3091 deus
474 3037 587 3091 noster
603 3049 705 3090 uerax
723 3028 910 3110 promissor.
927 3028 1105 3110 propitiare
1120 3027 1237 3111 opere†
1252 3038 1310 3090 tuo
1326 3037 1359 3091 et

162 3134 224 3178 nos
240 3113 381 3177 famulos
398 3124 473 3178 tuos
489 3115 642 3196 indignos
658 3114 845 3178 sacerdotes
861 3115 1040 3177 seruientes
1056 3116 1124 3180 tibi.
1141 3114 1248 3178 tribue
1264 3115 1359 3177 nobis

161 3221 221 3284 per
244 3202 361 3264 merita
387 3211 421 3263 et
445 3202 712 3265 intercessionem
736 3200 917 3265 beatissimi
933 3201 1075 3283 apostoli
1091 3203 1138 3265 tui
1154 3202 1238 3284 petri
1252 3222 1360 3284 perse·

162 3307 277 3351 uerare
292 3289 325 3351 in
341 3297 399 3351 tua
415 3288 586 3351 uoluntate
602 3286 809 3350 famulantes.
826 3297 862 3350 ut
878 3289 910 3349 in
927 3288 1042 3351 diebus
1060 3290 1178 3351 nostris
1195 3290 1312 3352 merito
1328 3297 1360 3351 et

163 3394 301 3438 numero
316 3375 459 3457 populus
476 3374 580 3438 fidelis
597 3374 656 3437 tibi
673 3375 819 3438 seruiens
834 3385 1001 3456 augeatur.
1018 3395 1077 3456 per
1091 3376 1272 3438 dominum.

626 3527 733 3608 Super
736 3527 897 3608 populum.

207 3640 376 3705 Conserua
391 3660 570 3722 quesumus
585 3640 797 3722 omnipotens
813 3638 902 3701 deus.
919 3639 1021 3700 uitam
1045 3649 1191 3702 nostram
1215 3640 1361 3703 inmacu-

162 3726 286 3801 latum†
315 3736 348 3790 et
382 3728 585 3790 incremento
623 3737 814 3789 cunctarum
853 3726 1010 3788 uirtutum
1049 3735 1085 3788 ut
1123 3727 1362 3789 interueniente

162 3814 356 3878 beatissimo
382 3813 535 3895 apostolo
559 3824 617 3876 tuo
641 3822 735 3895 petro
756 3813 788 3873 in
815 3820 873 3874 tua
896 3812 1119 3875 misericordia
1134 3813 1360 3876 uniuersorum

161 3901 295 3963 ueniam
319 3901 539 3984 percipiamus
565 3898 769 3963 delictorum.
796 3898 895 3961 etad
921 3898 1061 3980 patriam
1088 3908 1165 3961 tuae
1188 3902 1363 3982 repromis-

161 3988 264 4050 sionis
291 3997 459 4051 aeternam
490 3987 691 4068 quandoque
721 3985 892 4067 peruenire
923 4004 1107 4048 mereamur
1143 3985 1266 4048 inlaesi.
1304 4007 1363 4067 per

161 4075 336 4138 dominum
352 4083 501 4137 nostrum
518 4073 622 4136 iesum
638 4071 806 4135 christum.
