3046 5092
152 320 203 363 ‘m
330 312 358 362 V.
388 310 474 363 m.
503 310 591 365 NOU.
620 311 709 363 ΝΑΤ.
738 312 787 363 SS.
816 310 976 363 smoms
998 310 1057 361 Er
1079 308 1217 363 muas.

597 487 662 553 Ad
670 486 899 571 complendum.

198 598 328 664 Refecti
358 598 493 663 domine
522 599 756 664 benedictione
785 597 971 682 sollempni.
1005 617 1189 680 quesumus
1226 605 1264 661 ut
1300 618 1357 680 per

153 686 423 751 intercessionem
455 688 561 750 sancti
588 687 665 750 iusti
692 686 858 750 medicina
881 685 1081 749 sacramenti
1104 694 1141 749 et
1165 685 1356 768 corporibus

153 773 274 837 nostris
290 774 394 857 prosit
409 782 443 837 et
459 772 634 837 mentibus.
650 793 710 857 per
723 773 907 837 dominum.

628 910 692 975 Ad
702 921 878 992 uespenrrrr.

198 1024 292 1086 Deus
306 1023 363 1104 qui
378 1024 514 1087 beatum
530 1022 654 1087 iustum
676 1031 788 1086 aetate
805 1021 980 1105 paruulum
999 1041 1159 1104 magnum
1176 1018 1244 1085 fide
1259 1029 1358 1103 atque

154 1110 276 1182 uirtute
301 1109 414 1172 iecisti.
440 1111 547 1174 tribue
570 1130 752 1192 quesumus
775 1119 813 1172 ut
836 1110 964 1172 sincera
980 1109 1040 1171 tibi
1057 1118 1170 1172 mente
1185 1108 1310 1171 deuoti.
1325 1120 1358 1171 et

153 1197 337 1280 praesentis
360 1196 450 1260 uitae
480 1197 633 1261 remediis
662 1194 825 1279 gaudere†
853 1207 888 1259 et
917 1196 1054 1259 futurae.
1085 1215 1145 1278 per
1182 1194 1357 1259 dominum

153 1292 314 1347 nostrum.

153 1464 200 1514 vt.
225 1452 318 1515 Knc.
343 1453 437 1517 Nou.
462 1452 618 1517 U1o1cm
647 1451 933 1517 Aeosrotoauu
958 1450 1130 1516 Sunouis
1154 1463 1205 1513 er
1229 1449 1358 1515 lunae

199 1563 354 1629 Concede
385 1583 565 1647 quesumus
594 1564 808 1647 omnipotens
839 1566 930 1628 deus.
954 1573 991 1628 ut
1018 1563 1102 1627 sicut
1127 1563 1357 1645 apostolorum

154 1659 288 1715 tuorum
306 1652 457 1733 symonis
480 1661 514 1714 et
540 1652 618 1729 iude
644 1651 789 1733 gloriosa
815 1651 971 1714 natalicia
993 1651 1237 1733 praeuenimus.
1252 1650 1301 1713 sic
1316 1648 1358 1711 ad

155 1746 214 1801 tua
243 1737 404 1801 beneficia
434 1738 654 1822 promerenda
692 1739 900 1801 maiestatem
938 1748 1031 1801 tuam
1062 1757 1124 1819 pro
1161 1736 1260 1801 nobis
1298 1736 1357 1819 ipsi

154 1826 379 1908 praeueniant.
396 1844 455 1907 per
468 1824 650 1889 dominum.

688 1940 827 2005 Secreta.

201 2044 396 2108 Muneribus
406 2044 527 2107 nostris
538 2043 674 2107 domine
683 2045 875 2126 quesumus1
885 2054 1076 2107 sanctorum
1097 2052 1233 2107 tuorum
1249 2064 1358 2127 symo

156 2131 208 2194 nis
236 2140 271 2194 et
301 2131 398 2194 iudae
429 2130 513 2194 festa
543 2131 781 2213 praecedimus.
811 2141 848 2193 ut
878 2150 964 2212 quae
988 2130 1213 2193 conscientiae
1228 2141 1358 2195 nostrae
1395 2126 1402 2137 '

155 2218 415 2300 praepediuntur
444 2217 632 2282 obstaculis.
659 2238 774 2282 eorum
806 2218 931 2281 meritis
953 2227 1049 2299 grata
1080 2218 1271 2281 reddantur.
1303 2236 1358 2301 per

154 2304 329 2368 dominum
345 2314 504 2368 nostrum.

665 2424 846 2506 Praefatiu

202 2524 251 2587 (D
284 2535 417 2601 aeterne
442 2526 532 2588 deus
580 2524 667 2606 Quia
692 2535 727 2587 tu
756 2546 790 2586 es
819 2524 977 2587 mirabilis
1001 2525 1034 2585 in
1059 2525 1216 2586 omnibus
1237 2524 1356 2586 sanctis

156 2612 229 2673 tuis,
246 2632 329 2691 quos
345 2613 487 2674 nominis
512 2613 560 2674 tui
585 2613 791 2675 consessione
816 2613 1008 2692 praeclaros.
1025 2622 1058 2673 et
1080 2622 1236 2693 suscepta
1252 2621 1356 2693 prote

156 2697 261 2760 iecisti
287 2700 440 2779 passione
464 2699 632 2780 gloriosos,
680 2699 780 2762 Unde
805 2700 889 2760 sicut
906 2698 949 2760 illi
968 2700 1145 2760 ieiunando
1167 2700 1355 2778 orandoque

156 2795 373 2847 certauerunt.
391 2797 426 2848 ut
443 2787 527 2848 hanc
556 2797 690 2868 possent
715 2787 865 2868 optinere
892 2787 1072 2847 uictoriam.
1089 2786 1136 2846 ita
1160 2805 1222 2846 nos
1246 2804 1353 2847 eorum

156 2873 321 2954 exemplis
339 2872 560 2935 informemur.
577 2883 613 2935 ut
637 2875 678 2935 ad
703 2872 921 2934 caelebranda
945 2874 1131 2953 praesentia
1147 2872 1233 2934 festa
1250 2871 1353 2934 idonei

156 2960 371 3021 inueniamur.
396 2971 429 3021 ct
454 2961 496 3020 ad
524 2970 658 3022 aeterna
684 2960 894 3040 percipienda
917 2980 1030 3021 eorum
1055 2961 1245 3021 interuentu
1270 2958 1353 3040 digni

157 3046 346 3107 iudicemur.
364 3068 422 3127 per
437 3047 593 3109 christum
612 3058 769 3109 nostrum.

610 3185 673 3246 Ad
682 3187 907 3267 corrrplenuirm.

202 3285 347 3367 Sumpto
393 3287 527 3349 domine
577 3301 785 3351 sacramento
834 3291 998 3371 supplices
1036 3292 1285 3370 depraecamur.
1323 3301 1352 3350 ut

159 3372 438 3434 intercedentibus
455 3375 560 3436 beatis
570 3376 730 3455 apostolis
746 3376 830 3459 ltuis.
849 3378 937 3459 quod
955 3377 1184 3457 temporaliter
1200 3377 1257 3458 [fo.
1274 3393 1353 3457 157r.

157 3459 311 3539 gerimus.
329 3461 370 3521 ad
388 3461 492 3522 uitam
510 3463 679 3542 capiamus
696 3474 874 3526 aeternam.
892 3485 949 3546 per
965 3465 1137 3525 dominum
1157 3476 1316 3527 nostrum.

157 3656 188 3704 v.
214 3643 305 3705 KnL.
331 3644 425 3707 Nou,
450 3645 606 3708 Names
641 3646 924 3710 Auosroinuuu
959 3646 1129 3710 Simonis
1154 3661 1202 3709 er
1230 3648 1351 3711 lunas.

203 3755 295 3817 Deus
322 3756 378 3836 qui
405 3777 465 3818 nos
491 3777 548 3837 per
575 3757 690 3819 beatos
718 3759 887 3840 apostolos
912 3769 985 3820 tuos
1013 3759 1054 3819 ad
1079 3759 1297 3839 agnitionem.
1314 3757 1352 3821 tui

159 3843 302 3903 nominis
319 3843 431 3904 uenire
455 3843 606 3906 tribuisti.
624 3846 667 3907 da
694 3846 789 3907 uobis
816 3866 928 3908 eorum
957 3845 1094 3925 gloriam
1112 3848 1353 3927 sempiternam.

159 3938 193 3990 et
209 3928 413 4010 proficiendo
429 3930 615 3993 caelebrare
631 3942 665 3993 et
682 3933 903 3995 caelebrando
919 3931 1087 4014 proficere.
1104 3953 1163 4014 per
1178 3935 1354 3996 dominum.

691 4068 828 4131 Secreta.

203 4176 351 4241 Gloriam
367 4177 503 4241 domine
530 4191 719 4243 sanctorum
747 4183 973 4263 apostolorum
998 4194 1194 4264 perpetuam
1212 4205 1357 4268 praecur-

160 4274 276 4327 rentes.
302 4285 483 4347 quesumus
510 4276 545 4330 ut
575 4269 716 4331 eandem
743 4270 844 4331 sacris
876 4272 1040 4351 mysteriis
1070 4271 1199 4352 expiati
1232 4273 1359 4355 dignius

156 4351 390 4416 caelebremus.
407 4374 473 4436 per.

418 4478 426 4511 ¹
444 4482 506 4533 This
517 4483 586 4533 word
597 4498 678 4534 seems
688 4492 716 4533 to
726 4484 758 4534 be
770 4485 926 4549 superfluous
937 4501 965 4534 or
977 4485 1122 4550 misplaced.
