3046 5092
417 344 528 395 MISSA
552 344 601 395 IN
617 343 837 394 MEMORIAM
853 344 1095 396 SALUATORIS.
1309 357 1357 406 241

410 558 561 646 l[M1ssn
584 573 633 623 oa
656 559 811 625 Sanora
833 558 1084 642 Tmmmra.¹]
1219 558 1358 641 [f0·174

207 686 433 770 Omnipotens
448 689 649 770 sempiterne
664 689 746 752 deus
761 688 817 769 qui
840 687 961 751 dedisti
986 687 1081 750 nobis
1098 686 1229 750 famulis
1244 688 1309 750 tuis
1326 689 1358 751 in

162 774 373 838 consessione
388 795 465 838 uere
480 774 556 838 fidei
573 786 727 838 aeternae
747 775 904 837 trinitatis
922 773 1062 856 gloriam
1081 793 1267 856 agnoscere.
1314 774 1360 837 Et

162 862 365 942 inpotentia
381 862 563 925 maiestatis
592 863 729 925 adorare
750 862 921 924 unitatem.
943 881 1124 941 quesumus
1150 870 1187 924 ut
1210 862 1359 924 eiusdem

162 947 239 1010 fidei
278 947 436 1011 firmitate
473 949 516 1011 ab
546 948 699 1012 omnibus
734 967 866 1030 semper
898 948 1086 1010 muniamur
1115 948 1270 1010 aduersis.
1302 968 1361 1030 per

160 1034 343 1097 dominum.

671 1170 843 1254 [Secreta¹]

128 1262 131 1268 Ι
203 1282 583 1367 [Βαῃεῑίῆεαῳιεειιπιιιε
592 1285 727 1347 domine
737 1284 819 1347 deus
832 1294 949 1345 noster.
960 1303 1019 1365 per
1030 1284 1077 1346 tui
1089 1283 1195 1345 sancti
1205 1282 1260 1365 [so.
1271 1299 1360 1363 174v.

161 1371 306 1432 nominis
323 1372 566 1435 inuocationem
583 1371 679 1434 huius
691 1369 909 1434 oblationem²
918 1369 1061 1432 hostiam
1072 1380 1105 1432 et
1122 1389 1268 1452 peream
1285 1391 1360 1433 nos-

161 1458 323 1539 metipsos
339 1457 399 1520 tibi
414 1457 535 1540 perfice
552 1478 670 1520 munus
686 1468 866 1520 aeternum.
883 1477 948 1539 per.

672 1594 848 1672 Praefatio.

205 1705 255 1769 G)
273 1714 405 1767 aeterne
420 1705 509 1768 deus.
555 1703 621 1787 Qui
635 1726 709 1768 cum
722 1706 893 1787 unigenito
909 1704 976 1767 filio
992 1714 1050 1766 tuo
1066 1713 1099 1767 et
1114 1704 1229 1786 spiritu
1246 1713 1362 1767 sancto

159 1811 245 1853 unus
276 1812 311 1853 es
341 1792 430 1854 deus
458 1813 542 1855 unus
566 1813 601 1855 es
632 1792 794 1855 dominus.
841 1792 918 1854 Non
949 1792 981 1852 in
1010 1792 1105 1853 unius
1135 1790 1362 1872 singularitate

160 1898 330 1960 personae.
347 1880 405 1942 sed
423 1880 455 1940 in
472 1881 567 1942 unius
584 1880 730 1941 trinitate
749 1878 960 1940 substantiae.
1007 1875 1106 1959 Quod
1130 1878 1218 1939 enim
1240 1877 1282 1939 de
1305 1887 1362 1939 tua

159 1964 267 2047 gloria
297 1965 464 2027 reuelante
489 1977 520 2029 te
546 1967 720 2028 credimus.
743 1965 805 2028 hoc
828 1966 870 2027 de
897 1964 965 2027 filio
995 1974 1061 2027 tuo.
1084 1963 1147 2026 hoc
1174 1964 1216 2025 de
1246 1965 1361 2045 spiritu

159 2046 278 2114 sancto
291 2053 361 2114 sine
371 2051 557 2115 differentia
569 2050 783 2126 discretione†
798 2052 968 2114 sentimus.
1001 2051 1050 2114 Ut
1067 2051 1099 2112 in
1113 2049 1362 2132 [con⁸]sessione

157 2157 238 2200 uere
259 2139 526 2220 sempiterneque
549 2136 744 2212 deitatatis.†
772 2147 806 2200 et
830 2139 861 2200 in
886 2139 1034 2220 personis
1057 2138 1248 2218 proprietas,
1271 2148 1305 2200 et
1329 2137 1361 2199 in

157 2225 305 2286 essentia
336 2225 451 2288 unitas.
482 2236 515 2288 et
546 2226 579 2287 in
607 2226 780 2288 maiestate
810 2225 964 2288 adoretur
1001 2223 1190 2304 aequalitas.
1251 2221 1361 2305 Quam

159 2310 306 2373 laudant.

614 2431 677 2494 Ad
687 2430 913 2513 conplendum.

206 2540 361 2605 Proficiat
385 2544 480 2605 nobis
504 2543 547 2605 ad
574 2543 715 2606 salutem
740 2543 885 2625 corporis
909 2552 943 2605 et
967 2543 1098 2605 animae
1120 2543 1255 2605 domine
1270 2542 1360 2604 deus,

160 2626 258 2690 huius
274 2631 471 2692 sacramenti
487 2631 661 2712 susceptio.
676 2638 711 2692 et
733 2630 934 2711 sempiterna
957 2639 1091 2692 sanctae
1106 2629 1261 2691 trinitatis
1277 2630 1360 2691 eius-

158 2714 305 2796 demque
321 2715 510 2779 indiuiduae
527 2718 661 2779 unitatis
677 2715 847 2779 consessio.
864 2737 923 2798 per
937 2717 1109 2779 dominum
1127 2726 1283 2778 nostrum.

712 2869 802 2932 Alia.

204 2977 352 3041 Domine
373 2981 455 3042 deus
481 2991 576 3062 pater
601 2982 813 3064 omnipotens
840 3001 900 3043 nos
926 2980 1066 3043 famulos
1092 2990 1170 3043 tuae
1195 2980 1359 3041 maiestati

157 3064 333 3128 subiectos
364 3086 422 3148 per
451 3069 584 3130 unicum
612 3067 714 3130 filium
745 3078 839 3131 tuum
871 3068 903 3129 in
933 3068 1054 3130 uirtute
1084 3067 1189 3129 sancti
1227 3067 1359 3147 spiritus

159 3149 298 3214 benedic
314 3162 348 3214 et
364 3164 509 3235 protege.
525 3165 563 3216 ut
587 3154 630 3217 ab
648 3155 739 3217 omni
764 3154 859 3217 hoste
881 3155 985 3217 securi
1010 3155 1042 3216 in
1058 3163 1116 3216 tua
1132 3153 1250 3234 iugiter
1263 3152 1359 3215 laude

159 3236 330 3301 laetemur.
343 3259 401 3321 per
415 3241 580 3303 eundem.⁴

226 3457 360 3540 [Massa
384 3473 424 3522 ru
449 3461 665 3525 Merroamu
690 3460 927 3526 Snuunroms
952 3461 1100 3525 Dolum
1125 3461 1291 3543 Nosses]

200 3584 327 3667 lCorda
351 3600 463 3652 nostra
477 3610 655 3670 quesumus
680 3601 813 3653 sanctus
829 3591 985 3672 splendor
1000 3601 1076 3652 tuae
1092 3591 1195 3652 incar·
1212 3590 1267 3672 [so.
1288 3604 1355 3670 175.

158 3674 310 3737 nationis,
323 3677 505 3738 natiuitatis
521 3678 691 3758 passionis.
704 3678 956 3740 resurrectionis
967 3678 1167 3739 ascensionis
1184 3688 1217 3739 et
1232 3678 1354 3740 aduen-

159 3768 211 3821 tus
223 3762 357 3842 spiritus
373 3764 478 3826 sancti
495 3784 554 3825 nos
570 3762 725 3827 clementi
741 3775 890 3845 respectu
901 3763 1047 3826 illustret.
1058 3784 1124 3845 quo
1135 3765 1249 3826 mundi
1259 3763 1355 3825 huius

158 3846 301 3909 tenebris
316 3869 426 3911 carere
435 3849 613 3912 ualeamus
625 3859 659 3912 et
671 3851 743 3932 ipso
753 3851 894 3913 ducente
910 3852 1139 3932 perueniamus
1155 3851 1196 3911 ad
1214 3851 1353 3932 patriam

157 3932 314 3996 claritatis
330 3946 491 3998 aeternae.
507 3956 566 4018 per
580 3937 752 4000 dominum
769 3946 926 4000 nostrum.

190 4101 199 4133 ¹
216 4107 298 4157 These
309 4108 430 4174 headings
442 4125 484 4159 are
495 4110 601 4159 omitted
613 4110 639 4159 in
650 4110 693 4160 the
705 4109 762 4161 MS.

189 4167 200 4199 ²
216 4171 351 4223 Corrected
363 4184 390 4222 to
400 4175 530 4223 oblationis
541 4175 649 4240 perhaps
660 4175 693 4239 by
704 4176 808 4225 another
819 4175 894 4224 hand.

189 4234 200 4267 ⁸
215 4236 326 4301 Syllable
337 4239 443 4288 omitted
455 4239 480 4288 in
494 4239 550 4290 MS.

189 4302 200 4332 ⁴
215 4302 272 4351 The
283 4303 360 4353 lower
379 4304 475 4368 partos
490 4304 523 4354 lo.
542 4316 611 4366 172v.
626 4305 646 4354 is
658 4305 744 4364 blank,
759 4304 834 4369 being
845 4305 967 4369 probably
979 4304 1022 4355 leit
1035 4304 1072 4353 lor
1089 4303 1132 4352 the
1148 4303 1257 4367 heading
1268 4302 1298 4352 ol
1311 4302 1353 4352 the

159 4376 216 4417 next
228 4382 301 4425 mass,
315 4368 398 4417 which
409 4369 455 4418 has
466 4380 510 4419 uot
527 4369 590 4419 been
607 4370 723 4419 inserted.
760 4369 815 4419 The
835 4369 944 4433 heading
960 4386 988 4419 su
1008 4370 1075 4433 plied
1092 4369 1112 4417 is
1124 4368 1177 4417 that
1188 4369 1262 4431 given
1274 4379 1300 4417 to
1312 4368 1354 4416 the

155 4446 301 4547 {maalmam
312 4432 339 4559 ip
350 4433 393 4558 tlp
404 4436 423 4460 “
432 4434 487 4484 Red
500 4434 572 4484 Book
583 4434 613 4484 ol'
621 4433 729 4499 Derby''
741 4435 809 4495 (MS.
822 4434 914 4487 C.C.G
928 4387 1017 4485 Camb.
1030 4447 1085 4496 422.
1127 4433 1241 4486 Warren.
1257 4432 1355 4484 Leofric

247 4512 292 4562 ,p
308 4509 323 4547 ²
340 4509 363 4560 3·

197 4566 385 4643 JUMIEGES
1201 4579 1224 4628 R
