3046 5092
493 324 544 376 IN
564 325 651 376 NAT.
687 325 804 377 UNIUS
833 325 1012 378 UIRGINIS.
1308 336 1360 391 237

352 507 396 571 Iu
421 506 578 570 Naratu
603 506 862 570 Puuuruouuu
888 505 1173 571 Couaassosun.

198 637 293 700 Deus
307 636 363 718 qui
380 655 440 699 nos
456 644 645 699 sanctorum
657 643 788 698 tuorum
804 634 848 697 ill.
859 634 1121 699 confessionibus
1136 636 1287 718 gloriosis
1302 637 1363 701 cir-

154 726 294 789 cumdas
303 735 337 787 et
352 722 508 805 protegis.
520 723 564 785 da
576 722 672 786 nobis
685 731 718 786 et
730 741 844 784 eorum
856 722 1042 786 imitatione
1052 722 1209 804 proficere
1218 733 1252 788 et
1262 724 1362 790 inter·
1419 730 1424 743 '

155 813 305 876 cessione
319 809 476 894 gaudere.
493 829 559 892 per.

694 927 830 992 Secreta.

201 1018 341 1100 Suscipe
356 1015 490 1079 domine
506 1035 641 1098 praeces
657 1024 690 1079 et
707 1035 852 1078 munera.
868 1035 954 1096 quae
969 1024 1006 1078 ut
1021 1024 1080 1079 tuo
1096 1017 1163 1080 sint
1174 1018 1276 1100 digna
1286 1039 1363 1082 con-

156 1105 293 1188 spectui.
309 1113 500 1167 sanctorum
516 1112 648 1165 tuorum
665 1101 837 1185 praecibus
853 1104 1056 1165 adiuuemur.
1072 1124 1131 1186 per
1146 1106 1327 1169 dominum.

672 1238 853 1319 Praefatio.

202 1345 398 1409 fflaeteme
413 1343 503 1406 deus.
537 1342 582 1405 Et
599 1342 808 1405 maiestatem
825 1352 917 1405 tuam
934 1342 1074 1424 supplici
1090 1343 1208 1427 ldeuo-
1223 1341 1282 1430 [fo.
1296 1363 1363 1427 171.

156 1432 249 1495 tione
264 1449 410 1493 exorare.
426 1438 463 1492 ut
478 1430 651 1492 beatorum
667 1427 892 1491 confessorum
908 1442 1040 1492 tuorum
1064 1430 1110 1493 ill.
1125 1451 1266 1513 quorum
1282 1433 1367 1498 sesta

157 1517 384 1670 pqqqppurrqmus
414 1515 561 1579 obtentu.
593 1535 778 1578 mereamur
807 1524 900 1578 tuum
932 1516 1082 1581 obtinere
1108 1518 1279 1583 auxilium.
1307 1541 1366 1604 per

616 1713 679 1776 Ad
688 1714 914 1796 conplendum.

204 1818 361 1901 Corporis
377 1819 459 1880 sacri
476 1827 509 1880 et
525 1818 680 1900 praetiosi
696 1818 866 1899 sanguinis
882 1817 997 1900 repleti
1014 1817 1172 1881 libamine
1187 1840 1367 1901 quesumus

160 1907 296 1972 domine
311 1906 394 1970 deus
406 1915 524 1968 noster.
535 1905 670 1985 utquod
687 1905 743 1986 pia
758 1906 936 1967 deuotione
946 1905 1099 1987 gerimus.
1110 1915 1200 1969 certa
1217 1908 1367 1990 redemp-

160 1995 252 2058 tione
268 1993 446 2074 capiamus
463 2011 529 2074 per.

470 2158 514 2220 Iu
540 2157 694 2221 U1o1un
720 2156 847 2222 Uums
874 2156 1063 2221 U1no1u1s

207 2279 352 2343 Sanctae
367 2279 504 2360 uirginis
519 2288 597 2341 tuae
609 2278 655 2340 ill.
668 2278 804 2340 domine
814 2297 993 2358 quesumus
1006 2278 1302 2360 supplicationibus
1312 2279 1368 2341 tri-

163 2366 227 2429 bue
243 2386 304 2428 nos
317 2365 427 2428 foueri.
441 2376 477 2428 ut
493 2367 584 2428 cuius
600 2365 823 2427 uenerabilem
839 2364 1121 2446 sollempnitatem
1138 2367 1369 2446 praeuenimus

162 2452 331 2533 obsequio.
347 2454 417 2514 eius
433 2452 721 2515 intercessionibus
737 2452 1010 2514 commendemur
1025 2461 1058 2514 ct
1075 2452 1207 2515 meritis.
1224 2473 1289 2534 per.

700 2587 840 2652 Secreta.

210 2693 403 2757 Muneribus
414 2693 534 2755 nostris
544 2689 877 2774 quesumus¹dominc
888 2702 1022 2755 sanctae
1034 2693 1188 2773 martyris
1198 2703 1275 2755 tuac
1285 2693 1369 2757 festa

165 2780 402 2862 praecedimus,
418 2790 456 2842 ut
475 2800 561 2860 quae
580 2780 802 2842 conscientiae
825 2791 957 2841 nostrae
978 2781 1236 2860 praepediuntur
1258 2780 1372 2843 obsta·

166 2866 248 2929 culis
265 2865 351 2929 illius
368 2866 493 2930 meritis
508 2867 689 2930 reddantur
704 2863 906 2948 acceptum.†
921 2886 987 2947 per.

680 3003 864 3082 Praefatio,

210 3106 261 3171 (θ
276 3116 412 3169 aeterne
426 3107 517 3170 deus.
552 3106 598 3168 Et
613 3107 731 3169 beatae
757 3107 910 3188 martyris
936 3114 1013 3168 tuac
1038 3106 1082 3168 ill.
1100 3106 1254 3170 natalicia
1280 3127 1374 3188 prae-

166 3193 331 3257 ueniendo
346 3193 481 3255 laudare
496 3194 690 3256 benedicere
706 3201 740 3255 et
755 3195 952 3274 praedicare.
991 3191 1101 3274 Quam
1111 3190 1224 3266 tonto†
1240 3214 1374 3257 munere

168 3279 362 3343 sublimasti.
378 3289 415 3342 ut
430 3280 459 3341 ei
476 3280 640 3343 conferres
655 3289 689 3342 et
705 3280 904 3360 uirginitatis
915 3299 1071 3342 coronam
1089 3290 1121 3343 et
1140 3281 1286 3362 martyrii
1303 3280 1374 3362 pal·

169 3386 267 3430 mam.
306 3365 428 3447 Sicque
437 3367 558 3429 uirtute
574 3365 650 3429 fidei
667 3375 700 3428 et
717 3367 834 3428 decore
850 3367 1029 3448 pudicitiae
1044 3366 1191 3448 polleret.
1204 3378 1240 3431 ut
1252 3367 1373 3430 caeles·

167 3453 213 3516 tia
228 3472 331 3535 regna
345 3454 440 3535 uirgo
455 3454 577 3535 pariter
591 3463 625 3515 et
641 3463 767 3534 martyr
781 3453 925 3515 intraret.
942 3472 1000 3534 per
1014 3452 1182 3516 christum.

622 3589 685 3652 Ad
695 3589 922 3671 complendum.

211 3692 402 3775 Quesumus
417 3692 629 3774 omnipotens
644 3693 734 3756 deus.
751 3703 787 3756 ut
802 3713 943 3774 quorum
967 3713 1027 3755 nos
1043 3693 1167 3756 tribuis.
1190 3697 1374 3758 communi·

170 3798 250 3843 care.
267 3779 435 3842 memoriis
451 3799 564 3842 eorum
582 3779 683 3843 facias
699 3781 890 3842 imitatores
907 3800 966 3861 per
981 3780 1162 3843 dominum.

487 3962 531 4025 Iu
557 3964 713 4026 Nnrauu
738 3963 865 4028 Unrus
889 3963 1081 4027 U1Ro1u1s.

213 4081 308 4144 Deus
322 4081 379 4163 qui
405 4101 466 4145 nos
489 4082 589 4146 hodie
615 4083 734 4147 beatae
760 4092 795 4147 et
817 4094 953 4147 sanctae
977 4083 1021 4146 ill.
1045 4084 1181 4165 uirginis
1205 4087 1374 4167 martyris-

172 4187 234 4250 que
248 4178 328 4232 tuae
350 4188 461 4232 annua
483 4169 732 4253 sollempnitate
758 4169 926 4233 laetificas.
972 4168 1128 4234 Concede
1151 4173 1320 4254 propitius.
1337 4182 1374 4237 ut

172 4252 254 4338 leius
279 4255 476 4319 adiuuemur
503 4258 637 4319 meritis.
660 4257 752 4320 cuius
778 4258 944 4321 castitatis
968 4258 1172 4321 inradiamur
1198 4257 1254 4341 [so.
1284 4275 1374 4339 171v.

173 4342 346 4425 exemplis.
363 4363 423 4426 per
437 4343 621 4407 dominum.

423 4474 432 4509 ¹
448 4479 511 4530 This
522 4481 591 4530 word
603 4496 684 4532 seems
695 4489 722 4532 to
732 4481 766 4531 be
776 4480 932 4547 superfluous
943 4496 972 4531 or
983 4479 1129 4546 misplaced.
