3046 5092
366 373 518 440 MISSAE,
528 374 602 425 PRO
627 372 732 426 UIUIS
752 373 882 435 Areva
903 372 1128 427 DEFUNCTIS.
1305 384 1351 437 311

706 586 814 649 Amn.

202 724 331 787 Pietate
368 733 426 786 tua
463 742 642 806 quesumus
686 722 823 786 domine
867 732 1055 787 nostrorum
1092 723 1185 788 solue
1221 724 1354 789 uincula

156 811 305 875 omnium
329 810 534 874 delictorum.
558 819 591 872 et
614 810 838 872 intercedente
859 811 958 873 beata
983 810 1038 873 dei
1060 811 1227 894 genetrice
1250 811 1354 876 maria

156 908 258 980 atque
273 907 389 961 sancto
404 907 499 980 petro
513 895 677 979 [apostolo
693 905 751 959 tuo
766 916 842 960 cum
858 896 1012 960 omnibus
1027 898 1150 960 sanctis
1160 898 1225 962 tuis
1240 917 1352 980 regem

157 993 306 1048 nostrum
336 994 437 1066 atque
463 982 654 1066 pontificem
685 983 755 1046 siue
777 1003 912 1046 omnem
935 984 1066 1066 plebem
1090 984 1153 1047 illis
1175 984 1352 1047 comissam

156 1082 191 1135 et
221 1092 282 1133 nos
312 1071 454 1134 famulos
485 1082 560 1133 tuos
590 1080 692 1151 atque
722 1069 831 1132 locum
863 1071 962 1133 istum
993 1071 1026 1132 in
1058 1072 1149 1133 omni
1176 1071 1353 1134 sanctitate

156 1157 295 1221 custodi.
315 1177 498 1239 omnesque
520 1155 681 1219 affinitate
703 1155 756 1219 uel
780 1156 1002 1221 familiaritate
1025 1158 1120 1221 nobis
1143 1159 1272 1221 iunctos
1294 1178 1352 1221 seu

155 1264 272 1309 omnes
301 1243 497 1307 christianos
527 1264 547 1306 a
576 1244 665 1306 uitiis
695 1263 808 1326 purga.
831 1245 1008 1307 uirtutibus
1031 1244 1164 1307 illustra
1187 1265 1303 1327 pacem
1320 1256 1353 1307 et

156 1331 297 1395 salutem
328 1330 423 1394 nobis
453 1330 568 1394 tribue.
599 1330 711 1392 hostes
742 1329 886 1393 uisibiles
924 1340 958 1394 et
996 1331 1177 1394 inuisibiles
1211 1351 1354 1395 remoue.

156 1418 296 1481 inimicis
312 1418 433 1480 nostris
449 1416 625 1479 karitatem
650 1416 776 1499 largire.
800 1427 834 1480 et
856 1418 1011 1481 omnibus
1036 1417 1189 1482 fidelibus
1212 1419 1297 1482 uiuis
1320 1428 1353 1481 et

155 1503 320 1568 defunctis
337 1505 369 1567 in
387 1514 472 1567 terra
488 1504 673 1567 uiuentium
689 1504 793 1567 uitam
810 1514 843 1566 et
859 1505 1005 1586 requiem
1018 1513 1187 1581 aeternam
1201 1506 1354 1568 concede.

155 1611 221 1674 per.

677 1693 856 1776 [Secretal]

201 1806 294 1869 Deus
318 1807 374 1887 qui
401 1804 558 1887 singulari
588 1806 735 1888 corporis
758 1806 805 1869 tui
829 1805 938 1869 hostia
962 1806 1064 1869 totius
1088 1806 1203 1870 mundi
1226 1804 1354 1869 soluisti

155 1892 286 1957 delicta.
313 1913 352 1955 ac
376 1891 546 1954 oblatione
570 1892 721 1974 placatus
748 1893 894 1954 maculas
918 1892 1078 1956 scelerum
1094 1903 1280 1956 nostrorum
1297 1892 1356 1955 ab·

155 1988 273 2063 sterge.
289 1990 323 2042 et
347 1980 496 2041 omnium
512 1979 765 2042 christianorum
789 1977 935 2042 fidelium
966 1980 1118 2043 uiuorum
1141 1991 1242 2062 atque
1269 1999 1356 2042 mor·

156 2075 289 2130 tuorum
305 2077 444 2148 peccata
458 2066 598 2128 dimitte.
614 2067 727 2147 eisque
742 2067 890 2148 praemia
905 2077 1039 2130 aeterna
1054 2068 1206 2130 concede.
1222 2087 1289 2148 per.

605 2201 669 2265 Ad
684 2202 909 2284 complendum.

201 2313 345 2397 Sumpta
360 2334 540 2396 quesumus
558 2315 694 2378 domine
716 2324 923 2378 sacramenta
945 2315 1057 2378 omnia
1080 2314 1219 2377 crimina
1241 2323 1354 2378 nostra
1463 2331 1465 2336 ’

156 2401 340 2483 detergant.
371 2421 572 2482 omnemque
602 2402 800 2483 prauitatem
831 2411 864 2464 et
901 2401 1127 2464 infirmitatem
1164 2421 1222 2465 seu
1252 2401 1353 2464 etiam

155 2488 319 2552 hosticam
357 2488 480 2551 rabiem
519 2498 620 2570 atque
656 2488 800 2551 subitam
833 2498 972 2550 mortem
1005 2489 1129 2551 meritis
1164 2498 1354 2551 sanctorum

156 2575 343 2639 omniuma
365 2576 460 2637 nobis
484 2575 598 2656 procul
621 2574 784 2656 repellant
805 2585 839 2637 et
861 2575 1016 2637 omnibus
1040 2574 1192 2639 fidelibus
1215 2575 1299 2639 uiuis
1321 2585 1355 2639 et

156 2661 322 2726 defunctis
349 2662 477 2744 prosint
501 2663 543 2725 ad
567 2662 708 2725 ueniam.
726 2681 786 2744 pro
801 2681 940 2742 quorum
965 2682 1171 2744 quarumque
1193 2661 1254 2726 tibi
1277 2671 1355 2726 sunt

156 2748 270 2812 oblata
285 2748 400 2812 salute.
416 2768 483 2831 per.

644 2948 738 3011 laun
762 2947 868 3011 Acin.

200 3084 400 3151 Sanctorum
431 3096 563 3149 tuorum
595 3085 884 3149 intercessionibus
913 3105 1092 3167 quesumus
1122 3085 1257 3148 domine
1294 3106 1356 3149 nos

157 3182 296 3255 protege
318 3172 449 3235 samulis
472 3182 506 3235 et
530 3171 716 3234 famulabus
739 3173 812 3235 tuis.
836 3193 976 3254 quorum
1002 3173 1352 3235 commemorationem

156 3260 296 3342 agimus.
326 3258 379 3322 uel
410 3279 549 3340 quorum
580 3258 777 3321 elemosinas
808 3260 991 3341 recipimus.
1022 3279 1079 3322 seu
1103 3260 1203 3322 etiam
1227 3258 1278 3321 his
1298 3260 1354 3342 qui

156 3346 254 3409 nobis
270 3346 494 3409 familiaritate
509 3346 610 3408 iuncti
627 3354 705 3408 sunt
721 3345 977 3408 misericordiam
1001 3356 1092 3409 tuam
1116 3345 1238 3427 ubique
1261 3366 1354 3427 prae·

156 3434 258 3496 tende
280 3442 317 3495 ut
341 3431 383 3494 ab
395 3432 548 3495 omnibus
572 3432 866 3515 inpugnationibus
896 3433 1032 3495 defensi.
1055 3442 1113 3495 tua
1136 3432 1355 3515 opitulatione

155 3520 335 3583 saluentur.
351 3528 384 3581 et
396 3520 525 3581 animas
535 3516 749 3602 [famulorum
760 3518 1024 3601 famularumque
1040 3529 1170 3582 tuarum
1187 3518 1243 3601 [so.
1261 3536 1354 3598 224v.

156 3607 307 3670 omnium
323 3606 477 3668 uidelicet
493 3605 640 3668 fidelium
663 3605 900 3668 catholicorum
924 3606 1187 3668 orthodoxorum
1212 3626 1353 3687 quorum

157 3693 508 3756 commemorationem
521 3693 659 3773 agimus.
676 3701 710 3754 et
721 3712 861 3774 quonum
872 3712 1010 3774 corpora
1026 3693 1059 3754 in
1074 3692 1137 3755 hoc
1153 3693 1355 3755 monasterio

158 3780 377 3861 requiescunt.
407 3778 460 3841 uel
490 3798 632 3859 quorum
663 3780 800 3841 nomina
826 3789 904 3842 ante
934 3789 1086 3842 sanctum
1124 3778 1227 3842 altare
1258 3789 1352 3842 tuum

156 3867 281 3948 scripta
309 3866 426 3928 adesse
456 3865 618 3929 uidentur.
648 3865 828 3929 electorum
868 3875 1000 3929 tuorum
1038 3867 1173 3947 iungere
1210 3867 1357 3947 digneris

156 3952 333 4016 consortio.
350 3972 408 4033 per
422 3952 596 4015 dominum
612 3962 770 4015 nostrum.

690 4086 828 4152 Secreta.

202 4200 387 4283 Propitiare
410 4199 546 4263 domine
568 4198 867 4281 supplicationibus
889 4199 1011 4263 nostris
1033 4208 1068 4264 et
1089 4199 1149 4263 has
1171 4199 1360 4264 oblationes

157 4308 240 4370 quas
257 4307 319 4371 pro
335 4286 563 4350 incolomitate
578 4285 776 4350 famulorum
793 4284 1057 4369 famularumque
1077 4296 1217 4351 tuarum.
1241 4296 1275 4350 et
1297 4306 1360 4370 pro

157 4374 336 4439 animabus
351 4374 500 4437 omnium
517 4370 664 4437 fidelium
680 4372 916 4437 catholicorum
929 4373 1201 4437 orthodoxorum.
1217 4392 1359 4457 quorum

551 4518 559 4551 ¹
577 4522 697 4588 among
708 4521 813 4573 omitted
825 4522 851 4572 u
863 4522 921 4573 us.
