3046 5092
545 321 687 373 UNCTIO
706 322 964 374 INFIRMORUM.
1303 337 1350 388 291

153 476 247 541 omni
281 474 477 539 necessitate
505 494 683 557 corporeae
713 475 913 541 infirmitatis
943 477 1080 541 exclusa
1109 478 1217 561 gratia
1245 477 1279 541 in
1311 498 1351 542 eo

155 564 314 647 pristinae
329 562 480 626 sanitatis
494 560 640 645 perlecta
655 576 832 646 reparetur,
849 584 914 647 per.

198 650 279 713 Ant.
303 648 412 731 Opem
429 648 513 711 serat
536 648 612 712 huic
628 651 759 713 infirmo
774 652 857 714 deus
871 671 970 734 super
992 651 1112 714 lectum
1130 652 1253 715 doloris
1272 652 1350 715 eius.

157 737 234 819 lpse
249 745 423 801 conseruet
437 755 514 798 eum
530 746 564 799 et
586 735 732 800 uiuificet
746 757 831 800 eum.

197 823 290 886 Psal.
314 822 437 885 Beatus
452 823 509 904 qui
525 822 688 904 intelligit

665 943 749 1006 Item
764 944 841 1007 altit.

200 1048 294 1111 Deus
308 1048 365 1127 qui
390 1046 536 1109 facturae
550 1056 629 1109 tuae
655 1048 710 1128 pio
736 1068 867 1129 semper
888 1048 1069 1112 dominaris
1085 1048 1214 1112 affectu.
1231 1049 1353 1112 inclina

155 1154 270 1198 aurem
286 1144 377 1197 tuam
390 1132 687 1216 supplicationibus
698 1136 818 1197 nostris
833 1145 866 1198 et
879 1134 1038 1198 famulum
1049 1146 1144 1200 tuum
1154 1155 1198 1197 ex
1214 1137 1353 1199 aduersa

156 1221 339 1285 ualitudine
368 1220 514 1301 corporis
545 1219 750 1283 laborantem
781 1221 932 1302 placatus
962 1223 1094 1304 respice.
1125 1233 1158 1284 et
1189 1223 1287 1286 uisita
1317 1225 1349 1286 in

155 1308 292 1371 salutari
308 1317 366 1369 tuo
382 1327 420 1369 ac
435 1305 586 1369 caelestis
601 1308 727 1387 gratiae
742 1318 874 1389 praesta
889 1309 1097 1372 medicinam.
1115 1331 1180 1391 per.

199 1396 280 1457 Ant.
304 1394 470 1456 Dominus
508 1393 636 1456 locutus
665 1403 715 1456 est
746 1395 915 1477 discipulis
945 1396 1012 1457 suis
1050 1398 1081 1458 in
1113 1396 1247 1459 nomine
1278 1416 1353 1458 meo

155 1482 334 1545 daemonia
355 1481 450 1543 eicite
471 1489 504 1542 et
527 1500 625 1561 super
640 1500 756 1562 aegros
773 1501 891 1544 manus
906 1492 1033 1545 uestras
1048 1483 1197 1565 inponite
1212 1495 1245 1545 et
1269 1482 1353 1545 bene

154 1568 333 1632 habebunt

198 1655 290 1717 Psal.
315 1655 407 1717 Deus
427 1654 575 1717 deorum.

721 1757 811 1820 Alia.

200 1862 294 1925 Deus
310 1861 365 1943 qui
388 1859 536 1922 humano
551 1860 663 1943 generi
679 1870 713 1923 et
728 1861 844 1923 salutis
861 1862 1041 1924 remedium
1058 1871 1091 1924 et
1114 1863 1183 1940 uite
1199 1871 1353 1924 aeternae

157 1968 295 2012 munera
332 1947 507 2010 contulisti.
545 1966 705 2010 conserua
746 1947 871 2010 famulo
908 1959 974 2011 tuo,
1013 1948 1057 2010 r'll.
1095 1957 1226 2011 tuarum
1264 1950 1354 2011 dona

155 2036 326 2099 uirtutum.
350 2044 383 2097 et
406 2034 551 2095 concede
574 2042 609 2096 ut
633 2033 797 2096 medelam
822 2045 913 2097 tuam
938 2054 1003 2097 non
1028 2034 1134 2098 solum
1159 2037 1191 2098 in
1216 2055 1352 2117 corpore

155 2142 272 2186 uerum
288 2122 389 2185 etiam
405 2121 437 2182 in
454 2121 566 2182 anima
580 2120 708 2183 sentiat.
725 2140 792 2202 per.

200 2208 281 2271 Ant.
306 2208 372 2272 Cor
386 2208 565 2270 contritum
581 2217 615 2269 et
629 2205 839 2270 humiliatum
857 2209 938 2270 deus
963 2227 1028 2270 non
1045 2209 1178 2290 spernit.

200 2295 291 2358 Psal.
316 2294 473 2356 Miserere
489 2294 554 2355 mei
569 2293 652 2356 deus
667 2295 858 2357 secundum.

719 2413 808 2476 Alia.

201 2519 374 2584 Uirtutum
391 2516 582 2579 caelestium
598 2517 688 2579 deus.
704 2518 760 2598 qui
783 2518 825 2580 ab
840 2517 994 2579 humanis
1010 2519 1201 2598 corporibus
1218 2539 1351 2583 omnem

156 2606 350 2687 languorem
374 2613 408 2667 et
428 2623 562 2665 omnem
587 2602 812 2666 infirmitatem
836 2605 1003 2685 praecepti
1023 2605 1070 2666 tui
1094 2614 1261 2686 potestate
1283 2605 1352 2669 de-ยน

157 2692 261 2775 pellis.
279 2692 396 2754 adesto
411 2691 573 2772 propitius
588 2688 664 2751 huic
686 2689 813 2752 famulo
835 2700 901 2752 tuo,
919 2690 959 2752 N.
977 2700 1013 2751 ut
1036 2690 1158 2772 sugatis
1182 2691 1352 2756 infirmita-

158 2780 247 2844 tibus
261 2788 296 2846 et
316 2776 440 2840 uiribus
464 2777 611 2858 receptis
635 2796 756 2838 nomen
779 2786 931 2839 sanctum
955 2786 1050 2839 tuum
1075 2778 1256 2842 instaurata
1279 2801 1353 2862 pro-

156 2865 262 2951 ltinus
282 2865 425 2926 sanitate
440 2862 622 2925 benedicat.
640 2883 706 2945 per.
1207 2864 1264 2947 [so.
1282 2884 1352 2930 210.

199 2952 281 3015 Ant.
306 2949 444 3015 Saluum
463 2949 513 3011 iac
529 2969 659 3011 seruum
683 2958 777 3011 tuum
798 2949 932 3012 domine
950 2950 1032 3012 deus
1049 2970 1141 3013 meus
1164 2962 1352 3033 sperantem

157 3040 191 3103 in
207 3049 241 3102 te
257 3037 386 3100 custodi
403 3037 548 3098 animam
560 3037 629 3097 eius
645 3037 803 3117 quoniam
820 3038 852 3097 in
870 3045 903 3099 te
916 3037 1054 3118 speraui.

193 3125 285 3189 Psal.
312 3123 439 3185 lnclina
451 3123 586 3185 domine
601 3142 714 3185 aurem
732 3137 833 3186 tuam.

718 3243 810 3305 Alia.

200 3347 426 3430 Omnipotens
463 3347 663 3428 sempiterne
693 3346 783 3409 deus.
813 3348 869 3427 qui
907 3347 1130 3427 aegritudines
1168 3349 1353 3412 animarum

156 3435 295 3519 depellis
310 3444 344 3497 et
360 3454 541 3515 corporum.
559 3433 673 3495 auxilii
691 3435 737 3496 tui
754 3454 852 3513 super
868 3432 1033 3495 infirmum
1051 3444 1198 3497 nostrum
1215 3438 1354 3499 ostende

157 3522 322 3585 uirtutem.
342 3530 380 3584 ut
402 3540 465 3602 ope
489 3521 731 3582 misericordiae
755 3529 831 3581 tuae
858 3520 997 3582 adiutus.
1014 3520 1057 3582 ad
1082 3522 1194 3583 omnia
1220 3524 1354 3604 pietatis

157 3619 234 3672 tuae
250 3618 418 3690 reparetur
433 3606 547 3669 officia.
565 3627 623 3688 per
637 3606 817 3668 dominum.

199 3695 280 3758 Ant.
304 3694 434 3758 Cadent
450 3713 471 3755 a
494 3693 594 3756 latere
610 3703 668 3754 tuo
693 3692 782 3754 mille
806 3704 840 3754 et
861 3693 976 3756 decem
998 3692 1089 3757 milia
1107 3714 1127 3755 a
1145 3694 1273 3758 dextris
1288 3698 1354 3760 tuis

157 3781 217 3845 tibi
232 3792 345 3843 autem
362 3800 427 3842 non
444 3779 723 3861 adpropinquabit
745 3779 877 3842 malum.

200 3869 291 3931 Psal.
316 3866 383 3948 Qui
399 3867 536 3930 habitat.

719 3969 810 4032 Alia.

201 4073 346 4138 Oremus
375 4074 548 4137 dominum
579 4083 727 4136 nostrum
759 4074 862 4136 iesum
895 4073 1061 4136 christum.
1092 4084 1126 4138 et
1156 4095 1231 4138 cum
1262 4078 1352 4140 omni

159 4162 402 4244 supplicatione
418 4179 579 4241 rogemus.
596 4169 632 4222 ut
647 4159 736 4222 hunc
756 4158 916 4222 famulum
942 4180 1047 4222 suum.
1064 4159 1108 4224 ill.
1126 4181 1184 4243 per
1198 4164 1353 4244 angelum

159 4268 254 4311 suum
276 4256 428 4310 sanctum
452 4246 585 4309 uisitare
600 4257 634 4310 et
656 4245 834 4309 laetificare
856 4258 956 4328 atque
983 4246 1168 4311 confortare
1191 4249 1355 4331 dignetur.

158 4336 307 4417 quicum
330 4343 432 4416 patre.

485 4466 493 4498 ยน
511 4468 574 4520 This
584 4469 689 4535 syllable
700 4468 722 4519 is
733 4468 815 4519 added
827 4469 907 4519 above
918 4467 960 4518 the
972 4468 1029 4520 line.

1160 4550 1184 4600 U
1209 4554 1227 4600 2
