3046 5092
537 364 965 415 mmmmmmm
1307 377 1355 428 m

690 541 827 605 Secreta.

202 651 339 715 Hostias
355 652 414 715 tibi
430 652 565 715 domine
589 652 695 716 laudis
710 651 887 715 offerimus.
903 653 1094 735 suppliciter
1108 652 1353 735 depraecantes

155 748 192 801 ut
207 738 341 802 easdem
358 739 508 821 angelico
525 759 585 822 pro
601 739 696 802 nobis
712 739 951 802 interueniente
966 738 1131 822 suffragio.
1147 749 1181 802 et
1203 740 1354 822 placatus

156 827 307 907 accipias.
323 828 410 889 etad
428 825 569 889 salutern
582 837 729 889 nostram
746 827 919 908 prouenire
934 826 1106 890 concedas.
1123 847 1188 908 per.

657 963 854 1048 (Praefatrb.
1212 965 1268 1047 [fo
1289 968 1356 1044 176.

202 1075 252 1138 (i)
284 1084 417 1137 aeterne
447 1075 535 1137 deus.
582 1074 744 1157 Quamuis
771 1076 860 1138 enim
891 1076 976 1139 illius
1007 1077 1156 1139 sublimis
1187 1076 1356 1157 angelicae

158 1161 362 1223 substantiae
377 1161 420 1223 sit
435 1161 598 1224 habitatio
613 1181 744 1243 semper
759 1162 791 1223 in
808 1163 915 1225 caelis.
931 1173 1063 1226 tuorum
1079 1172 1191 1226 tamen
1209 1162 1355 1225 fidelium

159 1248 340 1328 praesumit
356 1246 511 1310 affectum
528 1268 589 1329 pro
604 1257 663 1310 tua
690 1250 873 1312 reuerentia
898 1251 1082 1332 potestatis,
1097 1270 1155 1331 per
1177 1249 1259 1312 haec
1283 1250 1356 1330 piae

158 1334 346 1398 deuotionis
361 1333 477 1397 officia.
493 1334 663 1415 quoddam
680 1336 820 1398 retinere
836 1337 956 1418 pignus
980 1338 1011 1399 in
1036 1337 1129 1399 terris
1152 1336 1356 1398 adstantium

160 1421 193 1483 in
211 1430 391 1503 conspectu
407 1430 466 1483 tuo
482 1422 600 1503 iugiter
615 1422 841 1484 ministrorum
859 1444 916 1505 per
931 1423 1098 1486 christum.

614 1557 645 1619 Α
650 1557 908 1639 dcomplena'um.

207 1667 338 1750 Repleti
353 1669 489 1731 domine
511 1668 743 1732 benedictione
767 1669 900 1733 caelesti
928 1670 1120 1752 suppliciter
1135 1669 1358 1752 imploramus,

160 1764 197 1817 ut
227 1754 316 1835 quod
340 1754 447 1837 fragili
473 1755 699 1818 caelebramus
725 1755 843 1820 officio,
870 1767 1059 1819 sanctorum
1087 1756 1358 1838 archangelorum

160 1840 257 1904 nobis
273 1842 429 1923 prodesse
444 1842 626 1904 sentiamus
642 1843 776 1906 auxilio.
792 1864 851 1925 per
866 1844 1047 1907 dominum.

631 1979 739 2059 Super
746 1979 906 2061 populum,

208 2089 342 2153 Plebem
370 2100 462 2153 tuam
479 2110 658 2171 quesumus
674 2092 809 2155 domine
836 2103 995 2174 perpetua
1021 2093 1144 2174 pietate
1171 2090 1307 2154 custodi.
1325 2099 1361 2150 ut

162 2197 278 2240 secura
292 2197 423 2259 semper
438 2185 471 2239 et
488 2178 679 2240 necessariis
705 2179 820 2241 adiuta
846 2179 1007 2241 subsidiis.
1029 2179 1202 2260 spirituum
1230 2177 1361 2240 tibimet

163 2263 369 2347 placitorum.
400 2265 455 2345 pia
492 2284 624 2346 semper
660 2266 872 2328 ueneratione
910 2266 1057 2328 laetetur.
1095 2286 1154 2348 per
1189 2264 1362 2328 dominum

164 2359 324 2413 nostrum.

472 2556 766 2618 mmmmm
834 2554 1059 2617 &mnu

211 2684 303 2747 Deus
318 2684 375 2765 qui
398 2704 456 2766 per
472 2695 682 2747 coaeternam
706 2684 765 2746 tibi
789 2684 986 2765 sapientiam
1008 2683 1177 2746 hominem
1198 2702 1273 2744 cum
1298 2700 1363 2742 non

166 2781 252 2834 esset
268 2770 454 2834 condidisti.
471 2770 704 2852 perditumque
728 2771 981 2832 misericorditer
1002 2779 1036 2832 et
1060 2769 1251 2832 mirabiliter
1267 2766 1365 2829 resor-

168 2859 273 2921 masti.
290 2866 422 2939 praesta
437 2877 616 2938 quesumus
641 2867 678 2920 ut
702 2858 819 2919 eadem
844 2866 978 2938 pectora
994 2865 1106 2919 nostra
1124 2865 1158 2918 te
1174 2850 1365 2936 inspirante²

167 2954 237 3007 tota
254 2952 365 3006 mente
381 2963 540 3006 amemus.
556 2954 591 3006 et
608 2944 650 3006 ad
668 2952 701 3005 te
717 2952 789 3006 toto
806 2943 903 3006 corde
919 2963 1094 3005 curramus
1112 2962 1170 3025 per
1184 2941 1364 3003 dominum.

704 3079 839 3144 Secreta.

210 3182 444 3248 Sanctificetur
459 3203 637 3264 quesumus
665 3182 800 3246 domine
816 3184 897 3246 deus
921 3183 1017 3245 huius
1043 3183 1221 3245 oblationis
1248 3200 1366 3243 munus

169 3280 224 3333 tua
248 3279 449 3352 cooperante
476 3271 647 3351 sapientia.
673 3280 709 3333 ut
736 3270 796 3332 tibi
821 3270 950 3351 placere
978 3270 1082 3352 possit
1107 3269 1148 3331 ad
1177 3269 1316 3330 laudern.
1333 3275 1366 3328 et

170 3358 262 3420 nobis
278 3356 438 3439 proficere
454 3357 496 3420 ad
513 3356 664 3420 salutem.
681 3377 746 3438 per.

667 3488 864 3570 (Praefatio.
1201 3485 1256 3567 [so
1277 3486 1365 3564 176v.

211 3593 262 3657 ff)
280 3602 414 3654 aeterne
429 3591 519 3654 deus,
566 3590 633 3673 Qui
650 3593 697 3654 tui
714 3593 857 3654 nominis
881 3592 1093 3672 agnitionem.
1110 3601 1143 3652 et
1160 3599 1235 3652 tuae
1252 3599 1361 3670 poten-

172 3678 234 3742 tiae
249 3678 390 3760 gloriam
408 3678 504 3740 nobis
521 3678 552 3739 in
570 3688 747 3740 coaeterna
765 3678 825 3740 tibi
848 3679 1011 3759 sapientia
1026 3677 1169 3739 reuelare
1182 3676 1313 3738 uoluisti
1330 3686 1367 3737 ut

171 3772 260 3827 tuam
283 3762 482 3827 confitentes
506 3764 722 3827 maiestatem,
739 3774 773 3827 et
796 3766 861 3827 tuis
889 3763 1048 3826 inherere³
1065 3764 1230 3826 mandatis
1258 3770 1366 3824 tecum

171 3852 272 3914 uitam
288 3851 473 3914 habeamus
488 3859 657 3913 aeternam
674 3871 732 3932 per
747 3851 914 3914 christum.

692 3987 849 4063 Secreta.†

214 4090 357 4153 lnfunde
373 4109 554 4172 quesumus
571 4090 706 4153 domIne
721 4092 802 4154 deus
818 4111 876 4173 per
898 4090 979 4152 haec
998 4100 1114 4152 sancta
1129 4109 1214 4172 quae
1229 4089 1369 4170 sumpsi·

173 4197 251 4240 mus.
283 4187 361 4239 tuae
391 4175 545 4239 cordibus
573 4178 693 4239 nostris
732 4177 843 4240 lumen
874 4176 1056 4258 sapientiae
1086 4185 1122 4238 ut
1152 4185 1186 4239 te
1212 4177 1371 4238 ueraciter

171 4283 400 4346 agnoscamus.
416 4272 450 4326 et
467 4261 609 4325 fideliter
623 4264 808 4346 diligamus.
825 4283 884 4346 per
898 4263 1080 4325 dominum.

530 4383 538 4417 ¹
556 4389 592 4440 So
603 4390 659 4441 MS.
674 4389 713 4440 ior
723 4391 806 4440 Missa
815 4392 845 4440 de
855 4391 992 4455 Sapientia.

531 4450 544 4484 ²
560 4455 610 4504 For
622 4456 663 4504 ins
680 4457 761 4505 irantc
772 4462 801 4505 tc.

532 4517 544 4551 ⁸
560 4520 609 4570 For
622 4521 651 4569 in
695 4528 768 4570 mter.
