3046 5092
381 266 455 360 ΙΙΙΙΙ.
482 307 534 359 ID.
564 306 646 358 FEB.
674 306 761 357 Nar.
792 307 818 356 S.
849 306 1108 360 SCOLASTICAE.
1309 313 1353 364 161

604 457 636 520 Α
640 456 667 520 d
676 454 901 536 complendum.

200 558 419 622 Auxilientur
442 556 538 620 nobis
563 557 698 619 domine
723 566 858 636 sumpta
883 556 1046 637 mysteria
1071 567 1105 620 et
1129 557 1354 622 intercedente

155 646 256 797 beat}
282 645 406 745 agatha
433 653 578 727 martyre
601 652 666 706 tua
693 643 895 724 sempiterna
919 642 1125 724 protectione
1149 642 1353 709 confirment.

156 753 216 815 per
255 752 414 796 ominum.

632 832 695 896 Ad
705 843 878 915 uesperum.

202 934 450 1017 Indulgentiam
478 934 573 997 nobis
599 933 734 997 domine
760 931 858 994 beata
882 931 1006 1014 agatha
1031 942 1158 1014 martyr
1187 933 1351 1015 imploret.

154 1041 243 1104 quae
267 1022 327 1085 tibi
347 1031 443 1104 grata
467 1041 598 1103 semper
620 1020 742 1082 extitit.
766 1028 799 1081 et
824 1020 942 1083 merito
958 1020 1119 1083 castitatis
1135 1030 1169 1083 et
1185 1030 1262 1083 tuae
1278 1041 1351 1103 pro-

157 1109 301 1172 fessione
316 1109 455 1172 uirtutis,
472 1129 538 1190 per.

174 1276 253 1325 vm.
279 1262 370 1326 lpus
395 1261 503 1324 Fran.
528 1262 684 1325 Nimia
708 1259 850 1325 Snucm
876 1259 1046 1323 Uaonsrr
1070 1259 1330 1326 comassonrs.

201 1365 295 1429 Deus
310 1367 366 1447 qui
383 1385 444 1428 nos
459 1367 583 1428 deuota
598 1364 686 1428 beati
703 1364 832 1426 uedasti
853 1363 1049 1426 confessoris
1065 1364 1112 1425 tui
1128 1373 1229 1446 atque
1243 1364 1354 1446 ponti-

158 1450 228 1517 ficis
254 1453 411 1515 instantia
438 1452 481 1514 ad
504 1452 709 1534 agnitionem
726 1453 773 1513 tui
790 1451 895 1513 sancti
912 1451 1055 1513 nominis
1070 1453 1180 1513 uocari
1197 1451 1353 1533 dignatus

157 1560 194 1603 es
208 1540 355 1602 concede
370 1540 539 1621 propitiae.
557 1547 593 1600 ut
618 1538 710 1601 cuius
732 1536 928 1619 sollempnia
954 1538 1101 1600 colimus.
1117 1538 1219 1600 etiam
1243 1547 1355 1620 patro·

155 1624 261 1700 cini0†
274 1627 467 1688 sentiamus.
484 1646 549 1708 per.

677 1725 817 1791 Secreta.

202 1827 343 1891 Hostias
358 1827 494 1889 domine
509 1827 616 1889 laudis
632 1827 697 1890 tuis
713 1825 871 1889 altaribus
887 1825 1092 1889 adhibemus.
1108 1845 1190 1907 quas
1207 1826 1276 1888 eius
1292 1825 1353 1889 tibi

158 1914 344 1996 patrocinio
359 1915 524 1976 credimus
539 1913 830 1976 commendandas.
848 1913 940 1976 cuius
965 1933 1025 1975 nos
1050 1912 1182 1975 uoluisti
1206 1912 1295 1976 uotis
1309 1913 1354 1975 ad

158 2009 217 2078 tue
232 2001 367 2082 pietatis
382 2002 554 2083 peruenire
570 1999 733 2063 notitiam.
750 2020 815 2081 per.

677 2119 859 2198 Praefatio.

204 2221 254 2284 (D
277 2229 410 2282 aeterne
425 2220 516 2283 deus.
561 2219 664 2285 Cuius
680 2239 816 2281 munere
832 2218 949 2281 beatus
964 2218 1122 2281 uedastus
1138 2219 1305 2282 consessor
1321 2230 1354 2284 et

159 2308 320 2370 sacerdos.
337 2318 370 2368 et
386 2307 546 2369 bonorum
564 2326 702 2388 operum
724 2301 948 2387 increlmentis
964 2307 1121 2370 excreuit.
1139 2317 1171 2368 et
1187 2305 1243 2388 [fo.
1265 2320 1354 2385 115v.

159 2394 256 2457 uariis
267 2394 428 2456 uirtutum
440 2394 537 2457 donis
545 2392 750 2456 exuberauit.
766 2401 799 2453 et
816 2392 980 2454 miraculis
990 2393 1182 2455 coruscauit.
1198 2394 1355 2475 quiquod

159 2481 268 2543 uerbis
292 2480 432 2543 edocuit
457 2500 595 2562 operum
621 2480 804 2542 exibitione
833 2479 1022 2561 compleuit.
1082 2480 1128 2542 Et
1154 2481 1356 2544 documento

159 2566 257 2629 simul
273 2574 307 2628 et
322 2568 487 2648 exemplo.
504 2565 644 2630 subditis
660 2567 701 2629 ad
718 2564 874 2627 caelestia
896 2585 997 2646 regna
1022 2567 1180 2647 pergendi
1196 2568 1354 2630 ducatum

160 2654 319 2736 praebuit.
367 2653 467 2717 Unde
497 2663 590 2716 tuam
621 2653 831 2716 clementiam
864 2654 1014 2733 petimus.
1041 2663 1077 2715 ut
1107 2653 1177 2715 eius
1207 2654 1263 2735 qui
1294 2654 1354 2715 tibi

160 2740 284 2821 placuit
299 2740 463 2822 exemplis
488 2741 530 2802 ad
558 2741 642 2802 bene
664 2741 831 2821 agendum
848 2738 1070 2801 informemur.
1087 2740 1211 2802 meritis
1228 2740 1356 2802 munia-

161 2846 241 2889 mur.
267 2826 555 2889 intercessionibus
581 2828 784 2890 adiuuemur.
805 2823 957 2906 Qualiter
981 2827 1024 2888 ad
1049 2826 1191 2889 caeleste
1207 2846 1354 2909 regnum.

160 2912 215 2976 illo
241 2914 483 2976 interueniente
509 2922 542 2975 te
568 2913 753 2994 opitulante
777 2913 948 2994 peruenire
974 2932 1157 2976 mereamur
1180 2933 1238 2995 per
1253 2912 1355 2975 chris·

158 3009 236 3063 tum

605 3103 637 3166 A
641 3103 669 3165 d
677 3102 901 3183 complendum.

201 3200 297 3264 Beati
313 3200 442 3263 uedasti
458 3200 653 3264 confessoris
668 3201 716 3264 tui
732 3211 833 3282 atque
849 3199 1014 3283 pontificis
1029 3200 1164 3263 domine
1180 3200 1353 3282 praecibus

160 3286 370 3351 confidentes
395 3307 574 3368 quesumus
598 3287 809 3351 clementiam
837 3297 937 3351 tuam.
954 3297 990 3350 ut
1013 3307 1125 3368 perca
1140 3307 1226 3369 quae
1241 3308 1353 3370 sump-

160 3375 269 3437 simus.
286 3385 421 3436 aeterna
436 3377 582 3441 remedia
597 3376 775 3457 capiamus.
791 3395 858 3456 per.

629 3487 692 3550 Ad
702 3497 877 3567 uesperum.

202 3584 296 3648 Dens
320 3585 376 3666 qui
401 3604 462 3648 nos
486 3595 674 3649 sanctorum
699 3596 830 3650 tuorum
861 3584 1036 3667 temporali
1068 3585 1184 3649 tribuis
1207 3606 1352 3650 comme·

162 3673 343 3735 moratione
369 3672 524 3753 gaudere.
551 3682 682 3754 praesta
706 3692 885 3755 quesumus
911 3684 947 3735 ut
971 3672 1070 3734 beato
1094 3672 1232 3736 uedasto
1254 3674 1352 3736 inter-

161 3759 312 3822 ueniente
344 3758 376 3820 in
402 3779 441 3820 ea
466 3778 675 3822 numeremur
701 3769 789 3822 sorte
814 3759 937 3823 salutis
955 3761 986 3821 in
1010 3778 1076 3840 qua
1091 3757 1138 3821 illi
1153 3769 1230 3822 sunt
1245 3761 1353 3841 gratia

160 3852 215 3908 tua
230 3845 373 3927 gloriosi.
390 3865 456 3927 per.

265 4019 333 4068 1111.
360 4007 449 4071 laus
474 4006 582 4070 Faau.
606 4008 762 4070 Nnraua
786 4005 961 4071 Snucma
985 4005 1244 4071 Scoans‘ncra

202 4107 379 4172 Familiam
396 4118 488 4172 tuam
504 4129 685 4191 quesumus
700 4110 834 4172 domine
849 4110 967 4173 beatae
982 4110 1117 4191 uirginis
1140 4119 1216 4172 tuae
1232 4109 1354 4175 scolas·

160 4194 244 4258 ticae
275 4196 400 4259 meritis
430 4197 593 4278 propitius
623 4196 754 4278 respice
787 4207 823 4259 ut
852 4198 937 4259 sicut
968 4197 1070 4277 ipsius
1100 4196 1272 4278 praecibus
1309 4199 1353 4261 ad

158 4282 377 4365 optinendum
393 4285 483 4364 quod
500 4279 625 4366 cupiuit
640 4282 779 4345 imbrem
794 4282 933 4345 caelitus
954 4284 1154 4346 descendere
1177 4283 1290 4347 fecisti.
1307 4285 1354 4348 ita

157 4368 228 4433 eius
254 4368 553 4452 supplicationibus
583 4369 771 4433 ariditatem
787 4370 889 4433 nostri
906 4369 1014 4432 cordis
1029 4388 1191 4452 supernae
1206 4371 1353 4453 digneris

154 4454 284 4539 gratiae
300 4475 373 4518 rore
388 4455 592 4538 perfundere.
609 4476 674 4541 per.

196 4544 392 4620 Junraoas
1197 4557 1225 4606 u
