3046 5092
428 343 545 393 HEBD.
574 344 611 394 II.
642 344 778 406 QUADR.
822 342 938 392 FERIA
966 343 1035 393 IIII.

630 567 750 631 Fanni
775 568 840 632 111.

173 728 298 794 Perfice
327 749 507 811 quesumus
537 729 673 793 domine
701 728 866 810 benignus
897 729 929 791 in
962 728 1060 791 nobis
1096 729 1328 793 obseruantiae

128 829 265 881 sanctae
288 817 479 879 subsidium.
500 826 536 878 ut
558 836 645 898 quae
668 826 700 878 te
723 829 857 879 auctore
873 815 1024 879 facienda
1046 818 1271 898 cognouimus.
1296 831 1329 880 te

129 915 289 988 operante
305 904 511 985 impleamus.
528 923 586 986 per
601 904 782 966 dominum.

666 1038 802 1103 Secreta.

176 1151 480 1215 Sanctificationem
508 1160 599 1213 tuam
631 1150 727 1212 nobis
752 1151 887 1214 domine
914 1151 964 1212 his
990 1151 1156 1233 mysteriis
1180 1152 1331 1233 placatus

130 1259 274 1388 opegare.
291 1258 377 1320 quae
393 1258 454 1300 nos
470 1248 503 1300 et
519 1259 539 1300 a
551 1239 689 1301 terrenis
705 1250 825 1320 purget
841 1238 938 1300 uitiis.
954 1250 987 1300 et
1004 1240 1046 1300 ad
1063 1239 1219 1301 caelestia
1241 1241 1331 1300 dona

131 1347 191 1408 per
215 1336 299 1389 ucat.
316 1346 381 1407 per.

643 1452 825 1531 Praefatae.

175 1563 240 1647 sd)
256 1574 389 1628 aeterne
410 1566 502 1628 deus,
547 1562 614 1645 Qui
630 1564 675 1626 ob
690 1567 875 1626 animarum
893 1565 1057 1628 medelam
1074 1566 1182 1628 ieiunii
1200 1565 1254 1648 [so.
1278 1581 1329 1644 47.

130 1653 310 1714 deuotione
325 1653 479 1735 castigari
495 1672 634 1733 corpora
656 1653 860 1733 praecepisti.
915 1652 1070 1715 Concede
1092 1672 1270 1734 quesumus
1295 1669 1331 1715 ut

130 1740 232 1802 corda
259 1749 371 1802 nostra
392 1741 439 1801 ita
463 1739 596 1820 pietatis
613 1748 689 1800 tuae
706 1738 838 1800 ualeant
862 1759 1015 1800 exercere
1039 1740 1204 1802 mandata.
1228 1748 1264 1800 ut
1288 1741 1330 1802 ad

131 1838 190 1889 tua
207 1845 393 1889 mereamur
409 1837 442 1889 te
458 1825 645 1907 opitulante
660 1826 832 1907 peruenire
849 1827 1018 1906 promissa.
1035 1847 1095 1908 per
1109 1827 1276 1888 christum.

585 1984 616 2047 A
622 1983 648 2046 d
654 1984 880 2066 complendum.

176 2097 226 2162 Ut
250 2097 351 2160 sacris
377 2097 513 2160 domine
543 2096 723 2160 reddamur
747 2097 838 2178 digni
870 2097 1069 2159 muneribus.
1102 2097 1153 2160 lac
1180 2120 1241 2162 nos
1268 2099 1333 2164 tuis

131 2205 313 2266 quesumus
328 2185 486 2248 oboedire
503 2184 677 2247 mandatis.
693 2203 760 2265 per.

595 2342 870 2424 Superpopulum.

177 2455 361 2537 Propitiare
397 2454 533 2517 domine
570 2453 868 2535 supplicationibus
907 2455 1035 2518 nostris.
1075 2465 1107 2518 et
1145 2458 1330 2522 animarum

133 2552 322 2605 nostrarum
350 2543 482 2603 medere
507 2540 729 2621 languoribus.
761 2551 797 2602 ut
822 2542 1013 2604 remissione
1036 2555 1200 2625 percepta.
1217 2547 1250 2607 in
1274 2556 1332 2608 tua

130 2649 264 2711 semper
279 2627 509 2691 benedictione
525 2627 693 2690 laetemur.
709 2648 768 2709 per
782 2628 955 2689 dominum
973 2643 1130 2693 nostrum.

621 2828 741 2893 Fatua
759 2829 843 2893 llll.

176 2977 342 3061 Populum
373 2985 468 3039 tuum
499 2974 634 3038 domine
664 2975 825 3057 propitius
850 2975 974 3056 respice
996 2984 1030 3038 et
1054 2996 1137 3057 quos
1162 2976 1205 3038 ab
1228 2977 1331 3040 aescis

128 3065 319 3130 carnalibus
344 3063 504 3146 praecipis
529 3062 701 3124 abstinere.
727 3083 747 3124 a
778 3063 888 3125 noxiis
918 3082 1052 3144 quoque
1084 3065 1171 3126 uitiis
1202 3085 1330 3128 cessare

129 3154 286 3217 concede.
302 3171 361 3234 per
376 3151 559 3213 dominum.

666 3264 801 3329 Secreta.

177 3378 318 3442 Hostias
340 3377 476 3441 domine
498 3396 581 3457 quas
604 3376 664 3438 tibi
686 3376 863 3439 offerimus.
886 3378 1048 3459 propitius
1070 3380 1203 3461 respice.
1222 3390 1255 3442 et
1272 3401 1331 3462 per

130 3467 214 3530 haec
230 3474 347 3527 sancta
361 3465 568 3526 commercia
584 3464 717 3525 uincula
739 3474 950 3545 peccatorum
976 3475 1162 3528 nostrorum
1184 3468 1328 3530 absolue.

131 3574 193 3636 per
207 3553 389 3614 dominum.

644 3660 826 3740 Praefatio.

177 3778 227 3841 (θ
259 3795 317 3857 per
346 3772 504 3835 christum
547 3771 720 3834 dominum
750 3782 909 3835 nostrum.
964 3774 1026 3836 Per
1063 3793 1161 3854 quem
1192 3775 1329 3838 humani

41 3882 49 3901 ‘
131 3864 264 3947 generis
295 3860 594 3923 reconciliationem
632 3859 773 3921 mirabili
810 3861 1057 3942 dispensatione
1094 3873 1250 3943 operatus
1286 3884 1329 3927 es

133 3954 270 4014 Praesta
294 3966 473 4030 quesumus
489 3955 525 4008 ut
541 3954 656 4007 sancto
671 3944 833 4026 purificati
855 3947 975 4008 ieiunio
998 3958 1031 4010 et
1054 3948 1113 4010 tibi
1137 3959 1209 4011 toto
1232 3954 1331 4014 eorde

130 4040 236 4101 simus
252 4034 400 4097 subiecti.
415 4042 449 4095 et
464 4034 550 4094 inter
566 4032 753 4095 mundanae
769 4034 942 4114 prauitatis
954 4034 1097 4097 insidias
1109 4046 1141 4097 te
1152 4037 1329 4101 miserante

131 4141 383 4208 perseueremus
398 4118 521 4182 inlaesi.
538 4139 596 4202 per
610 4138 718 4200 quem.

610 4270 673 4333 Ad
683 4271 908 4353 complendum.

180 4398 336 4481 Sumptis
379 4397 516 4461 domine
559 4398 774 4461 sacramentis
818 4399 861 4462 ad
903 4400 1141 4483 redemptionis
1179 4413 1333 4468 aeternae

130 4505 316 4572 quesumus
331 4483 542 4568 proficiamus
558 4495 784 4566 augmentum.
799 4505 866 4568 per.
