<?xml version="1.0" encoding="UTF-8"?>
<!DOCTYPE html PUBLIC "-//W3C//DTD XHTML 1.0 Transitional//EN"
    "http://www.w3.org/TR/xhtml1/DTD/xhtml1-transitional.dtd">
<html xmlns="http://www.w3.org/1999/xhtml" xml:lang="en" lang="en">
 <head>
  <title>
</title>
<meta http-equiv="Content-Type" content="text/html;charset=utf-8" />
  <meta name='ocr-system' content='tesseract 3.04.00' />
  <meta name='ocr-capabilities' content='ocr_page ocr_carea ocr_par ocr_line ocrx_word'/>
</head>
<body>
  <div class='ocr_page' id='page_1' title='image "./missalrobertjum01wilsgoog_0128.png"; bbox 0 0 3046 5092; ppageno 0'>
   <div class='ocr_carea' id='block_1_1' title="bbox 631 251 1019 302">
    <p class='ocr_par' dir='ltr' id='par_1_1' title="bbox 631 251 1019 302">
     <span class='ocr_line' id='line_1_1' title="bbox 631 251 1019 302; baseline -0.003 -1"><span class='ocrx_word' id='word_1_1' title='bbox 631 253 842 301; x_wconf 82' lang='lat' dir='ltr'><em>EI’II&#39;HANIA</em></span> <span class='ocrx_word' id='word_1_2' title='bbox 868 251 1019 302; x_wconf 84' lang='lat' dir='ltr'><em>DOMINI.</em></span> 
     </span>
    </p>
   </div>
   <div class='ocr_carea' id='block_1_2' title="bbox 689 462 963 544">
    <p class='ocr_par' dir='ltr' id='par_1_2' title="bbox 689 462 963 544">
     <span class='ocr_line' id='line_1_2' title="bbox 689 462 963 544; baseline 0.004 -19"><span class='ocrx_word' id='word_1_3' title='bbox 689 463 795 544; x_wconf 82' lang='lat' dir='ltr'><em>Super</em></span> <span class='ocrx_word' id='word_1_4' title='bbox 799 462 963 544; x_wconf 79' lang='lat' dir='ltr'>populum.</span> 
     </span>
    </p>
   </div>
   <div class='ocr_carea' id='block_1_3' title="bbox 226 574 1428 745">
    <p class='ocr_par' dir='ltr' id='par_1_3' title="bbox 226 574 1428 745">
     <span class='ocr_line' id='line_1_3' title="bbox 226 574 1428 657; baseline -0.001 -20"><span class='ocrx_word' id='word_1_5' title='bbox 226 615 228 621; x_wconf 64' lang='lat'>‹</span> <span class='ocrx_word' id='word_1_6' title='bbox 273 576 452 656; x_wconf 89' lang='lat' dir='ltr'>Propitiare</span> <span class='ocrx_word' id='word_1_7' title='bbox 477 576 659 638; x_wconf 86' lang='lat' dir='ltr'>misericors</span> <span class='ocrx_word' id='word_1_8' title='bbox 682 576 773 639; x_wconf 91' lang='lat' dir='ltr'>deus.</span> <span class='ocrx_word' id='word_1_9' title='bbox 795 574 1093 657; x_wconf 85' lang='lat' dir='ltr'>supplicationibus</span> <span class='ocrx_word' id='word_1_10' title='bbox 1115 575 1243 638; x_wconf 91' lang='lat' dir='ltr'>nostris.</span> <span class='ocrx_word' id='word_1_11' title='bbox 1260 584 1294 638; x_wconf 91' lang='lat' dir='ltr'>et</span> <span class='ocrx_word' id='word_1_12' title='bbox 1319 594 1428 657; x_wconf 90' lang='lat' dir='ltr'>popu-</span> 
     </span>
     <span class='ocr_line' id='line_1_4' title="bbox 228 662 660 745; baseline 0 -21"><span class='ocrx_word' id='word_1_13' title='bbox 228 662 295 724; x_wconf 91' lang='lat' dir='ltr'>lum</span> <span class='ocrx_word' id='word_1_14' title='bbox 312 673 406 725; x_wconf 91' lang='lat' dir='ltr'>tuum</span> <span class='ocrx_word' id='word_1_15' title='bbox 423 663 573 745; x_wconf 85' lang='lat' dir='ltr'>peruigili</span> <span class='ocrx_word' id='word_1_16' title='bbox 589 663 660 745; x_wconf 91' lang='lat' dir='ltr'>pro¹</span> 
     </span>
    </p>
   </div>
   <div class='ocr_carea' id='block_1_4' title="bbox 556 823 1429 909">
    <p class='ocr_par' dir='ltr' id='par_1_4' title="bbox 556 823 1429 909">
     <span class='ocr_line' id='line_1_5' title="bbox 556 823 1429 909; baseline 0.001 -21"><span class='ocrx_word' id='word_1_17' title='bbox 556 823 616 909; x_wconf 64' lang='lat' dir='ltr'>[Iu</span> <span class='ocrx_word' id='word_1_18' title='bbox 642 825 797 888; x_wconf 78' lang='lat' dir='ltr'>Uronn</span> <span class='ocrx_word' id='word_1_19' title='bbox 819 824 1086 888; x_wconf 77' lang='lat' dir='ltr'>Tuaoennnm.</span> <span class='ocrx_word' id='word_1_20' title='bbox 1302 823 1359 908; x_wconf 84' lang='lat' dir='ltr'>[fo.</span> <span class='ocrx_word' id='word_1_21' title='bbox 1379 826 1429 904; x_wconf 84' lang='lat'>36.</span> 
     </span>
    </p>
   </div>
   <div class='ocr_carea' id='block_1_5' title="bbox 226 961 1429 1218">
    <p class='ocr_par' dir='ltr' id='par_1_5' title="bbox 226 961 1429 1218">
     <span class='ocr_line' id='line_1_6' title="bbox 270 961 1429 1045; baseline -0.002 -18"><span class='ocrx_word' id='word_1_22' title='bbox 270 963 379 1027; x_wconf 88' lang='lat' dir='ltr'>Corda</span> <span class='ocrx_word' id='word_1_23' title='bbox 402 972 513 1026; x_wconf 89' lang='lat' dir='ltr'>nostra</span> <span class='ocrx_word' id='word_1_24' title='bbox 536 983 714 1044; x_wconf 91' lang='lat' dir='ltr'>quesumus</span> <span class='ocrx_word' id='word_1_25' title='bbox 737 962 872 1025; x_wconf 92' lang='lat' dir='ltr'>domine</span> <span class='ocrx_word' id='word_1_26' title='bbox 888 973 1048 1025; x_wconf 88' lang='lat' dir='ltr'>uenturae</span> <span class='ocrx_word' id='word_1_27' title='bbox 1063 961 1252 1025; x_wconf 86' lang='lat' dir='ltr'>festiuitatis</span> <span class='ocrx_word' id='word_1_28' title='bbox 1268 962 1429 1045; x_wconf 85' lang='lat' dir='ltr'>splendor</span> 
     </span>
     <span class='ocr_line' id='line_1_7' title="bbox 226 1048 1429 1132; baseline 0.001 -21"><span class='ocrx_word' id='word_1_29' title='bbox 226 1048 375 1112; x_wconf 87' lang='lat' dir='ltr'>illustret.</span> <span class='ocrx_word' id='word_1_30' title='bbox 390 1071 457 1131; x_wconf 93' lang='lat' dir='ltr'>quo</span> <span class='ocrx_word' id='word_1_31' title='bbox 474 1051 588 1112; x_wconf 92' lang='lat' dir='ltr'>mundi</span> <span class='ocrx_word' id='word_1_32' title='bbox 605 1050 700 1112; x_wconf 91' lang='lat' dir='ltr'>huius</span> <span class='ocrx_word' id='word_1_33' title='bbox 721 1050 865 1113; x_wconf 89' lang='lat' dir='ltr'>tenebris</span> <span class='ocrx_word' id='word_1_34' title='bbox 880 1069 990 1112; x_wconf 89' lang='lat' dir='ltr'>carere</span> <span class='ocrx_word' id='word_1_35' title='bbox 1006 1050 1184 1113; x_wconf 92' lang='lat' dir='ltr'>ualeamus.</span> <span class='ocrx_word' id='word_1_36' title='bbox 1200 1060 1233 1114; x_wconf 90' lang='lat' dir='ltr'>et</span> <span class='ocrx_word' id='word_1_37' title='bbox 1256 1052 1429 1132; x_wconf 88' lang='lat' dir='ltr'>peruenia-</span> 
     </span>
     <span class='ocr_line' id='line_1_8' title="bbox 228 1137 1143 1218; baseline 0 -20"><span class='ocrx_word' id='word_1_38' title='bbox 228 1156 300 1199; x_wconf 91' lang='lat' dir='ltr'>mus</span> <span class='ocrx_word' id='word_1_39' title='bbox 317 1137 359 1199; x_wconf 91' lang='lat' dir='ltr'>ad</span> <span class='ocrx_word' id='word_1_40' title='bbox 376 1138 516 1218; x_wconf 90' lang='lat' dir='ltr'>patriam</span> <span class='ocrx_word' id='word_1_41' title='bbox 533 1137 692 1200; x_wconf 86' lang='lat' dir='ltr'>claritatis</span> <span class='ocrx_word' id='word_1_42' title='bbox 708 1148 870 1200; x_wconf 86' lang='lat' dir='ltr'>aeternae.</span> <span class='ocrx_word' id='word_1_43' title='bbox 887 1157 945 1218; x_wconf 90' lang='lat' dir='ltr'>per</span> <span class='ocrx_word' id='word_1_44' title='bbox 960 1137 1143 1199; x_wconf 88' lang='lat' dir='ltr'>dominum.</span> 
     </span>
    </p>
   </div>
   <div class='ocr_carea' id='block_1_6' title="bbox 757 1275 896 1340">
    <p class='ocr_par' dir='ltr' id='par_1_6' title="bbox 757 1275 896 1340">
     <span class='ocr_line' id='line_1_9' title="bbox 757 1275 896 1340; baseline -0.007 -3"><span class='ocrx_word' id='word_1_45' title='bbox 757 1275 896 1340; x_wconf 81' lang='lat' dir='ltr'>Secreta.</span> 
     </span>
    </p>
   </div>
   <div class='ocr_carea' id='block_1_7' title="bbox 226 1386 1432 1643">
    <p class='ocr_par' dir='ltr' id='par_1_7' title="bbox 226 1386 1432 1643">
     <span class='ocr_line' id='line_1_10' title="bbox 269 1386 1431 1469; baseline -0.002 -19"><span class='ocrx_word' id='word_1_46' title='bbox 269 1388 392 1450; x_wconf 90' lang='lat' dir='ltr'>Tribue</span> <span class='ocrx_word' id='word_1_47' title='bbox 422 1407 600 1469; x_wconf 87' lang='lat' dir='ltr'>quesumus</span> <span class='ocrx_word' id='word_1_48' title='bbox 629 1388 764 1450; x_wconf 91' lang='lat' dir='ltr'>domine</span> <span class='ocrx_word' id='word_1_49' title='bbox 789 1397 825 1450; x_wconf 93' lang='lat' dir='ltr'>ut</span> <span class='ocrx_word' id='word_1_50' title='bbox 855 1408 931 1449; x_wconf 91' lang='lat' dir='ltr'>cum</span> <span class='ocrx_word' id='word_1_51' title='bbox 962 1387 1191 1469; x_wconf 90' lang='lat' dir='ltr'>praesentibus</span> <span class='ocrx_word' id='word_1_52' title='bbox 1216 1386 1431 1450; x_wconf 90' lang='lat' dir='ltr'>immolemus</span> 
     </span>
     <span class='ocr_line' id='line_1_11' title="bbox 226 1473 1432 1556; baseline 0 -20"><span class='ocrx_word' id='word_1_53' title='bbox 226 1475 392 1537; x_wconf 87' lang='lat' dir='ltr'>sacrificiis</span> <span class='ocrx_word' id='word_1_54' title='bbox 404 1485 438 1537; x_wconf 91' lang='lat' dir='ltr'>et</span> <span class='ocrx_word' id='word_1_55' title='bbox 453 1495 632 1537; x_wconf 87' lang='lat' dir='ltr'>sumamus.</span> <span class='ocrx_word' id='word_1_56' title='bbox 648 1496 748 1556; x_wconf 91' lang='lat' dir='ltr'>quem</span> <span class='ocrx_word' id='word_1_57' title='bbox 764 1483 924 1538; x_wconf 90' lang='lat' dir='ltr'>uenturae</span> <span class='ocrx_word' id='word_1_58' title='bbox 946 1473 1203 1556; x_wconf 89' lang='lat' dir='ltr'>sollempnitatis</span> <span class='ocrx_word' id='word_1_59' title='bbox 1218 1476 1275 1556; x_wconf 93' lang='lat' dir='ltr'>pia</span> <span class='ocrx_word' id='word_1_60' title='bbox 1290 1494 1432 1538; x_wconf 89' lang='lat' dir='ltr'>munera</span> 
     </span>
     <span class='ocr_line' id='line_1_12' title="bbox 226 1561 734 1643; baseline 0.002 -20"><span class='ocrx_word' id='word_1_61' title='bbox 226 1561 494 1643; x_wconf 86' lang='lat' dir='ltr'>praeloquuntur.</span> <span class='ocrx_word' id='word_1_62' title='bbox 510 1582 568 1643; x_wconf 88' lang='lat' dir='ltr'>per</span> <span class='ocrx_word' id='word_1_63' title='bbox 582 1562 734 1625; x_wconf 93' lang='lat' dir='ltr'>eundem.</span> 
     </span>
    </p>
   </div>
   <div class='ocr_carea' id='block_1_8' title="bbox 734 1697 915 1779">
    <p class='ocr_par' dir='ltr' id='par_1_8' title="bbox 734 1697 915 1779">
     <span class='ocr_line' id='line_1_13' title="bbox 734 1697 915 1779; baseline 0.006 -18"><span class='ocrx_word' id='word_1_64' title='bbox 734 1697 915 1779; x_wconf 71' lang='lat' dir='ltr'>Praefatur.</span> 
     </span>
    </p>
   </div>
   <div class='ocr_carea' id='block_1_9' title="bbox 225 1810 1431 2414">
    <p class='ocr_par' dir='ltr' id='par_1_9' title="bbox 225 1810 1431 2414">
     <span class='ocr_line' id='line_1_14' title="bbox 270 1810 1428 1876; baseline 0 -1"><span class='ocrx_word' id='word_1_65' title='bbox 270 1813 318 1875; x_wconf 74' lang='lat' dir='ltr'>(D</span> <span class='ocrx_word' id='word_1_66' title='bbox 336 1822 467 1876; x_wconf 90' lang='lat' dir='ltr'>aeterne</span> <span class='ocrx_word' id='word_1_67' title='bbox 483 1812 573 1874; x_wconf 91' lang='lat' dir='ltr'>deus.</span> <span class='ocrx_word' id='word_1_68' title='bbox 618 1810 668 1872; x_wconf 89' lang='lat' dir='ltr'>Te</span> <span class='ocrx_word' id='word_1_69' title='bbox 681 1810 816 1872; x_wconf 88' lang='lat' dir='ltr'>laudare</span> <span class='ocrx_word' id='word_1_70' title='bbox 832 1810 1015 1874; x_wconf 89' lang='lat' dir='ltr'>mirabilem</span> <span class='ocrx_word' id='word_1_71' title='bbox 1032 1811 1204 1874; x_wconf 90' lang='lat' dir='ltr'>dominum</span> <span class='ocrx_word' id='word_1_72' title='bbox 1222 1813 1255 1874; x_wconf 93' lang='lat' dir='ltr'>in</span> <span class='ocrx_word' id='word_1_73' title='bbox 1271 1813 1428 1875; x_wconf 90' lang='lat' dir='ltr'>omnibus</span> 
     </span>
     <span class='ocr_line' id='line_1_15' title="bbox 225 1897 1430 1980; baseline 0.002 -21"><span class='ocrx_word' id='word_1_74' title='bbox 225 1898 379 1977; x_wconf 90' lang='lat' dir='ltr'>operibus</span> <span class='ocrx_word' id='word_1_75' title='bbox 403 1899 467 1961; x_wconf 91' lang='lat' dir='ltr'>tuis</span> <span class='ocrx_word' id='word_1_76' title='bbox 492 1897 610 1979; x_wconf 92' lang='lat' dir='ltr'>quibus</span> <span class='ocrx_word' id='word_1_77' title='bbox 634 1898 854 1959; x_wconf 90' lang='lat' dir='ltr'>sacratissima</span> <span class='ocrx_word' id='word_1_78' title='bbox 885 1899 977 1980; x_wconf 86' lang='lat' dir='ltr'>regni</span> <span class='ocrx_word' id='word_1_79' title='bbox 1008 1900 1055 1960; x_wconf 92' lang='lat' dir='ltr'>tui</span> <span class='ocrx_word' id='word_1_80' title='bbox 1086 1900 1245 1980; x_wconf 89' lang='lat' dir='ltr'>mysteria</span> <span class='ocrx_word' id='word_1_81' title='bbox 1267 1901 1430 1962; x_wconf 86' lang='lat' dir='ltr'>reuelasti.</span> 
     </span>
     <span class='ocr_line' id='line_1_16' title="bbox 227 1984 1431 2069; baseline 0.002 -22"><span class='ocrx_word' id='word_1_82' title='bbox 227 1985 325 2047; x_wconf 87' lang='lat' dir='ltr'>Hanc</span> <span class='ocrx_word' id='word_1_83' title='bbox 349 1986 436 2047; x_wconf 90' lang='lat' dir='ltr'>enim</span> <span class='ocrx_word' id='word_1_84' title='bbox 461 1984 674 2048; x_wconf 87' lang='lat' dir='ltr'>festiuitatem</span> <span class='ocrx_word' id='word_1_85' title='bbox 698 1985 883 2048; x_wconf 90' lang='lat' dir='ltr'>dominicae</span> <span class='ocrx_word' id='word_1_86' title='bbox 905 1985 1121 2067; x_wconf 89' lang='lat' dir='ltr'>apparitionis</span> <span class='ocrx_word' id='word_1_87' title='bbox 1143 1986 1246 2048; x_wconf 89' lang='lat' dir='ltr'>index</span> <span class='ocrx_word' id='word_1_88' title='bbox 1269 1998 1431 2069; x_wconf 91' lang='lat' dir='ltr'>perpetua</span> 
     </span>
     <span class='ocr_line' id='line_1_17' title="bbox 226 2071 1428 2153; baseline 0.002 -20"><span class='ocrx_word' id='word_1_89' title='bbox 226 2071 394 2153; x_wconf 86' lang='lat' dir='ltr'>uirginalis</span> <span class='ocrx_word' id='word_1_90' title='bbox 410 2071 506 2135; x_wconf 91' lang='lat' dir='ltr'>stella</span> <span class='ocrx_word' id='word_1_91' title='bbox 522 2072 708 2153; x_wconf 90' lang='lat' dir='ltr'>praecessit.</span> <span class='ocrx_word' id='word_1_92' title='bbox 723 2091 809 2152; x_wconf 90' lang='lat' dir='ltr'>quae</span> <span class='ocrx_word' id='word_1_93' title='bbox 835 2082 949 2134; x_wconf 92' lang='lat' dir='ltr'>natum</span> <span class='ocrx_word' id='word_1_94' title='bbox 976 2073 1009 2133; x_wconf 94' lang='lat' dir='ltr'>in</span> <span class='ocrx_word' id='word_1_95' title='bbox 1037 2083 1122 2134; x_wconf 90' lang='lat' dir='ltr'>terra</span> <span class='ocrx_word' id='word_1_96' title='bbox 1147 2074 1320 2136; x_wconf 92' lang='lat' dir='ltr'>dominum</span> <span class='ocrx_word' id='word_1_97' title='bbox 1336 2073 1428 2137; x_wconf 89' lang='lat' dir='ltr'>caeli.</span> 
     </span>
     <span class='ocr_line' id='line_1_18' title="bbox 228 2158 1430 2241; baseline 0.002 -21"><span class='ocrx_word' id='word_1_98' title='bbox 228 2160 333 2240; x_wconf 86' lang='lat' dir='ltr'>magis</span> <span class='ocrx_word' id='word_1_99' title='bbox 357 2158 566 2241; x_wconf 89' lang='lat' dir='ltr'>stupentibus</span> <span class='ocrx_word' id='word_1_100' title='bbox 590 2160 756 2221; x_wconf 89' lang='lat' dir='ltr'>nuntiaret</span> <span class='ocrx_word' id='word_1_101' title='bbox 788 2168 823 2220; x_wconf 93' lang='lat' dir='ltr'>ut</span> <span class='ocrx_word' id='word_1_102' title='bbox 849 2158 1110 2221; x_wconf 85' lang='lat' dir='ltr'>manifestandus</span> <span class='ocrx_word' id='word_1_103' title='bbox 1137 2159 1263 2222; x_wconf 93' lang='lat' dir='ltr'>mundo</span> <span class='ocrx_word' id='word_1_104' title='bbox 1287 2160 1372 2223; x_wconf 80' lang='lat' dir='ltr'>deus</span> <span class='ocrx_word' id='word_1_105' title='bbox 1395 2170 1430 2222; x_wconf 92' lang='lat' dir='ltr'>et</span> 
     </span>
     <span class='ocr_line' id='line_1_19' title="bbox 226 2244 1428 2328; baseline 0.002 -21"><span class='ocrx_word' id='word_1_106' title='bbox 226 2245 358 2307; x_wconf 89' lang='lat' dir='ltr'>caelesti</span> <span class='ocrx_word' id='word_1_107' title='bbox 370 2245 619 2308; x_wconf 89' lang='lat' dir='ltr'>denuntiaretur</span> <span class='ocrx_word' id='word_1_108' title='bbox 631 2245 760 2308; x_wconf 92' lang='lat' dir='ltr'>indicio.</span> <span class='ocrx_word' id='word_1_109' title='bbox 771 2255 804 2307; x_wconf 91' lang='lat' dir='ltr'>et</span> <span class='ocrx_word' id='word_1_110' title='bbox 817 2244 1043 2326; x_wconf 90' lang='lat' dir='ltr'>temporaliter</span> <span class='ocrx_word' id='word_1_111' title='bbox 1055 2256 1245 2327; x_wconf 91' lang='lat' dir='ltr'>procreatus</span> <span class='ocrx_word' id='word_1_112' title='bbox 1256 2245 1428 2328; x_wconf 87' lang='lat' dir='ltr'>signorum</span> 
     </span>
     <span class='ocr_line' id='line_1_20' title="bbox 226 2331 1071 2414; baseline 0 -19"><span class='ocrx_word' id='word_1_113' title='bbox 226 2333 459 2414; x_wconf 87' lang='lat' dir='ltr'>temporalium</span> <span class='ocrx_word' id='word_1_114' title='bbox 477 2333 657 2395; x_wconf 89' lang='lat' dir='ltr'>ministerio</span> <span class='ocrx_word' id='word_1_115' title='bbox 674 2332 881 2413; x_wconf 89' lang='lat' dir='ltr'>panderetur.</span> <span class='ocrx_word' id='word_1_116' title='bbox 927 2331 972 2394; x_wconf 88' lang='lat' dir='ltr'>Et</span> <span class='ocrx_word' id='word_1_117' title='bbox 989 2333 1071 2395; x_wconf 90' lang='lat' dir='ltr'>ideo.</span> 
     </span>
    </p>
   </div>
   <div class='ocr_carea' id='block_1_10' title="bbox 681 2466 978 2550">
    <p class='ocr_par' dir='ltr' id='par_1_10' title="bbox 681 2466 978 2550">
     <span class='ocr_line' id='line_1_21' title="bbox 681 2466 978 2550; baseline 0.007 -21"><span class='ocrx_word' id='word_1_118' title='bbox 681 2466 742 2530; x_wconf 79' lang='lat' dir='ltr'>Ad</span> <span class='ocrx_word' id='word_1_119' title='bbox 752 2468 978 2550; x_wconf 82' lang='lat' dir='ltr'>complendum.</span> 
     </span>
    </p>
   </div>
   <div class='ocr_carea' id='block_1_11' title="bbox 228 2578 1431 2922">
    <p class='ocr_par' dir='ltr' id='par_1_11' title="bbox 228 2578 1431 2922">
     <span class='ocr_line' id='line_1_22' title="bbox 272 2578 1430 2664; baseline 0.003 -23"><span class='ocrx_word' id='word_1_120' title='bbox 272 2578 439 2641; x_wconf 91' lang='lat' dir='ltr'>Inlumina</span> <span class='ocrx_word' id='word_1_121' title='bbox 473 2599 651 2660; x_wconf 89' lang='lat' dir='ltr'>quesumus</span> <span class='ocrx_word' id='word_1_122' title='bbox 693 2581 827 2642; x_wconf 92' lang='lat' dir='ltr'>domine</span> <span class='ocrx_word' id='word_1_123' title='bbox 865 2581 1024 2663; x_wconf 93' lang='lat' dir='ltr'>populum</span> <span class='ocrx_word' id='word_1_124' title='bbox 1063 2591 1157 2645; x_wconf 92' lang='lat' dir='ltr'>tuum</span> <span class='ocrx_word' id='word_1_125' title='bbox 1189 2592 1222 2644; x_wconf 89' lang='lat' dir='ltr'>et</span> <span class='ocrx_word' id='word_1_126' title='bbox 1252 2581 1430 2664; x_wconf 89' lang='lat' dir='ltr'>splendore</span> 
     </span>
     <span class='ocr_line' id='line_1_23' title="bbox 228 2667 1431 2748; baseline 0.005 -21"><span class='ocrx_word' id='word_1_127' title='bbox 228 2667 353 2748; x_wconf 83' lang='lat' dir='ltr'>gratiae</span> <span class='ocrx_word' id='word_1_128' title='bbox 370 2678 446 2729; x_wconf 89' lang='lat' dir='ltr'>tuae</span> <span class='ocrx_word' id='word_1_129' title='bbox 462 2688 518 2727; x_wconf 89' lang='lat' dir='ltr'>cor</span> <span class='ocrx_word' id='word_1_130' title='bbox 533 2669 603 2728; x_wconf 88' lang='lat' dir='ltr'>eius</span> <span class='ocrx_word' id='word_1_131' title='bbox 619 2688 749 2748; x_wconf 87' lang='lat' dir='ltr'>semper</span> <span class='ocrx_word' id='word_1_132' title='bbox 769 2670 921 2731; x_wconf 89' lang='lat' dir='ltr'>accende.</span> <span class='ocrx_word' id='word_1_133' title='bbox 939 2678 975 2730; x_wconf 93' lang='lat' dir='ltr'>ut</span> <span class='ocrx_word' id='word_1_134' title='bbox 998 2668 1171 2731; x_wconf 89' lang='lat' dir='ltr'>saluatoris</span> <span class='ocrx_word' id='word_1_135' title='bbox 1194 2671 1309 2731; x_wconf 91' lang='lat' dir='ltr'>mundi</span> <span class='ocrx_word' id='word_1_136' title='bbox 1332 2671 1431 2733; x_wconf 90' lang='lat' dir='ltr'>stella</span> 
     </span>
     <span class='ocr_line' id='line_1_24' title="bbox 229 2753 1431 2837; baseline 0.006 -23"><span class='ocrx_word' id='word_1_137' title='bbox 229 2753 1431 2837; x_wconf 83' lang='lat' dir='ltr'>manifestatanatiuitatis.mentibuseorumreueletursemperetcrescat.</span> 
     </span>
     <span class='ocr_line' id='line_1_25' title="bbox 228 2842 803 2922; baseline 0.005 -21"><span class='ocrx_word' id='word_1_138' title='bbox 228 2862 286 2922; x_wconf 87' lang='lat' dir='ltr'>per</span> <span class='ocrx_word' id='word_1_139' title='bbox 297 2842 439 2902; x_wconf 90' lang='lat' dir='ltr'>eundem</span> <span class='ocrx_word' id='word_1_140' title='bbox 456 2842 628 2903; x_wconf 92' lang='lat' dir='ltr'>dominum</span> <span class='ocrx_word' id='word_1_141' title='bbox 647 2852 803 2904; x_wconf 89' lang='lat' dir='ltr'>nostrum.</span> 
     </span>
    </p>
   </div>
   <div class='ocr_carea' id='block_1_12' title="bbox 452 3003 1431 3090">
    <p class='ocr_par' dir='ltr' id='par_1_12' title="bbox 452 3003 1431 3090">
     <span class='ocr_line' id='line_1_26' title="bbox 452 3003 1431 3090; baseline 0.004 -24"><span class='ocrx_word' id='word_1_142' title='bbox 452 3004 556 3089; x_wconf 72' lang='lat' dir='ltr'>²svn1.</span> <span class='ocrx_word' id='word_1_143' title='bbox 581 3006 671 3069; x_wconf 85' lang='lat' dir='ltr'>Inus</span> <span class='ocrx_word' id='word_1_144' title='bbox 697 3006 775 3069; x_wconf 85' lang='lat' dir='ltr'>IAN.</span> <span class='ocrx_word' id='word_1_145' title='bbox 800 3007 1012 3069; x_wconf 77' lang='lat' dir='ltr'><strong>EPIPHANIA</strong></span> <span class='ocrx_word' id='word_1_146' title='bbox 1037 3007 1195 3070; x_wconf 80' lang='lat' dir='ltr'>Dolum.</span> <span class='ocrx_word' id='word_1_147' title='bbox 1282 3003 1340 3090; x_wconf 90' lang='lat' dir='ltr'>[so.</span> <span class='ocrx_word' id='word_1_148' title='bbox 1359 3022 1431 3086; x_wconf 89' lang='lat' dir='ltr'>37v.</span> 
     </span>
    </p>
   </div>
   <div class='ocr_carea' id='block_1_13' title="bbox 229 3143 1433 3485">
    <p class='ocr_par' dir='ltr' id='par_1_13' title="bbox 229 3143 1433 3485">
     <span class='ocr_line' id='line_1_27' title="bbox 274 3143 1432 3226; baseline 0.002 -21"><span class='ocrx_word' id='word_1_149' title='bbox 274 3144 365 3205; x_wconf 91' lang='lat' dir='ltr'>Deus</span> <span class='ocrx_word' id='word_1_150' title='bbox 381 3144 436 3224; x_wconf 91' lang='lat' dir='ltr'>qui</span> <span class='ocrx_word' id='word_1_151' title='bbox 462 3143 619 3206; x_wconf 89' lang='lat' dir='ltr'>hodierna</span> <span class='ocrx_word' id='word_1_152' title='bbox 636 3145 689 3206; x_wconf 90' lang='lat' dir='ltr'>die</span> <span class='ocrx_word' id='word_1_153' title='bbox 705 3145 911 3226; x_wconf 86' lang='lat' dir='ltr'>unigenitum</span> <span class='ocrx_word' id='word_1_154' title='bbox 940 3155 1034 3207; x_wconf 90' lang='lat' dir='ltr'>tuum</span> <span class='ocrx_word' id='word_1_155' title='bbox 1051 3147 1205 3226; x_wconf 85' lang='lat' dir='ltr'>gentibus</span> <span class='ocrx_word' id='word_1_156' title='bbox 1226 3143 1322 3207; x_wconf 88' lang='lat' dir='ltr'>stella</span> <span class='ocrx_word' id='word_1_157' title='bbox 1346 3145 1432 3207; x_wconf 90' lang='lat' dir='ltr'>duce</span> 
     </span>
     <span class='ocr_line' id='line_1_28' title="bbox 229 3231 1433 3314; baseline 0.003 -23"><span class='ocrx_word' id='word_1_158' title='bbox 229 3231 390 3292; x_wconf 89' lang='lat' dir='ltr'>reuelasti.</span> <span class='ocrx_word' id='word_1_159' title='bbox 407 3231 552 3292; x_wconf 88' lang='lat' dir='ltr'>concede</span> <span class='ocrx_word' id='word_1_160' title='bbox 568 3231 737 3312; x_wconf 79' lang='lat' dir='ltr'>propitius</span> <span class='ocrx_word' id='word_1_161' title='bbox 755 3243 790 3293; x_wconf 89' lang='lat' dir='ltr'>ut</span> <span class='ocrx_word' id='word_1_162' title='bbox 816 3234 872 3312; x_wconf 92' lang='lat' dir='ltr'>qui</span> <span class='ocrx_word' id='word_1_163' title='bbox 901 3233 965 3294; x_wconf 87' lang='lat' dir='ltr'>iam</span> <span class='ocrx_word' id='word_1_164' title='bbox 994 3242 1026 3294; x_wconf 90' lang='lat' dir='ltr'>te</span> <span class='ocrx_word' id='word_1_165' title='bbox 1050 3253 1094 3294; x_wconf 87' lang='lat' dir='ltr'>ex</span> <span class='ocrx_word' id='word_1_166' title='bbox 1122 3231 1186 3294; x_wconf 90' lang='lat' dir='ltr'>fide</span> <span class='ocrx_word' id='word_1_167' title='bbox 1202 3233 1433 3314; x_wconf 77' lang='lat' dir='ltr'>cognouimus</span> 
     </span>
     <span class='ocr_line' id='line_1_29' title="bbox 229 3318 1433 3464; baseline 0.004 -86"><span class='ocrx_word' id='word_1_168' title='bbox 229 3337 332 3397; x_wconf 85' lang='lat' dir='ltr'>usque</span> <span class='ocrx_word' id='word_1_169' title='bbox 347 3319 389 3464; x_wconf 55' lang='lat' dir='ltr'>ag</span> <span class='ocrx_word' id='word_1_170' title='bbox 407 3318 698 3399; x_wconf 86' lang='lat' dir='ltr'>contemplandam</span> <span class='ocrx_word' id='word_1_171' title='bbox 715 3320 858 3399; x_wconf 92' lang='lat' dir='ltr'>speciem</span> <span class='ocrx_word' id='word_1_172' title='bbox 876 3331 952 3381; x_wconf 91' lang='lat' dir='ltr'>tuae</span> <span class='ocrx_word' id='word_1_173' title='bbox 975 3319 1178 3382; x_wconf 90' lang='lat' dir='ltr'>celsitudinis</span> <span class='ocrx_word' id='word_1_174' title='bbox 1201 3319 1433 3402; x_wconf 90' lang='lat' dir='ltr'>perducamur.</span> 
     </span>
     <span class='ocr_line' id='line_1_30' title="bbox 229 3423 455 3485; baseline 0.013 -21"><span class='ocrx_word' id='word_1_175' title='bbox 229 3424 287 3485; x_wconf 88' lang='lat' dir='ltr'>per</span> <span class='ocrx_word' id='word_1_176' title='bbox 302 3423 365 3464; x_wconf 92' lang='lat' dir='ltr'>eun</span> <span class='ocrx_word' id='word_1_177' title='bbox 393 3424 455 3467; x_wconf 92' lang='lat' dir='ltr'>em.</span> 
     </span>
    </p>
   </div>
   <div class='ocr_carea' id='block_1_14' title="bbox 757 3516 894 3580">
    <p class='ocr_par' dir='ltr' id='par_1_14' title="bbox 757 3516 894 3580">
     <span class='ocr_line' id='line_1_31' title="bbox 757 3516 894 3580; baseline 0.007 -1"><span class='ocrx_word' id='word_1_178' title='bbox 757 3516 894 3580; x_wconf 80' lang='lat' dir='ltr'>Secreta.</span> 
     </span>
    </p>
   </div>
   <div class='ocr_carea' id='block_1_15' title="bbox 227 3626 1435 3951">
    <p class='ocr_par' dir='ltr' id='par_1_15' title="bbox 227 3626 1435 3951">
     <span class='ocr_line' id='line_1_32' title="bbox 274 3626 1435 3713; baseline 0.004 -25"><span class='ocrx_word' id='word_1_179' title='bbox 274 3626 464 3688; x_wconf 79' lang='lat' dir='ltr'>Aecclesiae</span> <span class='ocrx_word' id='word_1_180' title='bbox 480 3636 555 3688; x_wconf 89' lang='lat' dir='ltr'>tuae</span> <span class='ocrx_word' id='word_1_181' title='bbox 571 3647 750 3707; x_wconf 86' lang='lat' dir='ltr'>quesumus</span> <span class='ocrx_word' id='word_1_182' title='bbox 768 3629 901 3691; x_wconf 92' lang='lat' dir='ltr'>domine</span> <span class='ocrx_word' id='word_1_183' title='bbox 916 3629 1005 3692; x_wconf 89' lang='lat' dir='ltr'>dona</span> <span class='ocrx_word' id='word_1_184' title='bbox 1022 3629 1184 3712; x_wconf 89' lang='lat' dir='ltr'>propitius</span> <span class='ocrx_word' id='word_1_185' title='bbox 1207 3629 1343 3693; x_wconf 91' lang='lat' dir='ltr'>intuere.</span> <span class='ocrx_word' id='word_1_186' title='bbox 1360 3634 1435 3713; x_wconf 92' lang='lat' dir='ltr'>qui-</span> 
     </span>
     <span class='ocr_line' id='line_1_33' title="bbox 228 3714 1434 3799; baseline 0.007 -25"><span class='ocrx_word' id='word_1_187' title='bbox 228 3714 290 3775; x_wconf 84' lang='lat' dir='ltr'>bus</span> <span class='ocrx_word' id='word_1_188' title='bbox 321 3735 385 3775; x_wconf 95' lang='lat' dir='ltr'>non</span> <span class='ocrx_word' id='word_1_189' title='bbox 425 3715 489 3775; x_wconf 93' lang='lat' dir='ltr'>iam</span> <span class='ocrx_word' id='word_1_190' title='bbox 524 3734 639 3775; x_wconf 90' lang='lat' dir='ltr'>aurum</span> <span class='ocrx_word' id='word_1_191' title='bbox 671 3716 748 3776; x_wconf 92' lang='lat' dir='ltr'>thus</span> <span class='ocrx_word' id='word_1_192' title='bbox 775 3726 807 3778; x_wconf 94' lang='lat' dir='ltr'>et</span> <span class='ocrx_word' id='word_1_193' title='bbox 836 3714 999 3796; x_wconf 89' lang='lat' dir='ltr'>myrram†</span> <span class='ocrx_word' id='word_1_194' title='bbox 1034 3718 1204 3797; x_wconf 75' lang='lat' dir='ltr'>profertur.</span> <span class='ocrx_word' id='word_1_195' title='bbox 1242 3719 1300 3779; x_wconf 89' lang='lat' dir='ltr'>sed</span> <span class='ocrx_word' id='word_1_196' title='bbox 1340 3721 1434 3799; x_wconf 91' lang='lat' dir='ltr'>quod</span> 
     </span>
     <span class='ocr_line' id='line_1_34' title="bbox 227 3801 1434 3885; baseline 0.006 -23"><span class='ocrx_word' id='word_1_197' title='bbox 227 3803 352 3863; x_wconf 88' lang='lat' dir='ltr'>eisdem</span> <span class='ocrx_word' id='word_1_198' title='bbox 367 3801 557 3863; x_wconf 90' lang='lat' dir='ltr'>muneribus</span> <span class='ocrx_word' id='word_1_199' title='bbox 573 3802 758 3864; x_wconf 88' lang='lat' dir='ltr'>declaratur</span> <span class='ocrx_word' id='word_1_200' title='bbox 770 3802 960 3865; x_wconf 91' lang='lat' dir='ltr'>immolatur</span> <span class='ocrx_word' id='word_1_201' title='bbox 976 3812 1008 3866; x_wconf 90' lang='lat' dir='ltr'>et</span> <span class='ocrx_word' id='word_1_202' title='bbox 1024 3805 1170 3866; x_wconf 91' lang='lat' dir='ltr'>sumitur.</span> <span class='ocrx_word' id='word_1_203' title='bbox 1183 3824 1241 3885; x_wconf 93' lang='lat' dir='ltr'>per</span> <span class='ocrx_word' id='word_1_204' title='bbox 1255 3805 1434 3869; x_wconf 92' lang='lat' dir='ltr'>dominum</span> 
     </span>
     <span class='ocr_line' id='line_1_35' title="bbox 227 3899 386 3951; baseline 0.006 -1"><span class='ocrx_word' id='word_1_205' title='bbox 227 3899 386 3951; x_wconf 86' lang='lat' dir='ltr'>nostrum.</span> 
     </span>
    </p>
   </div>
   <div class='ocr_carea' id='block_1_16' title="bbox 226 4042 1435 4504">
    <p class='ocr_par' dir='ltr' id='par_1_16' title="bbox 226 4042 1435 4439">
     <span class='ocr_line' id='line_1_36' title="bbox 262 4042 1433 4111; baseline 0.004 -18"><span class='ocrx_word' id='word_1_206' title='bbox 262 4042 268 4073; x_wconf 84' lang='lat'><strong>¹</strong></span> <span class='ocrx_word' id='word_1_207' title='bbox 286 4045 341 4093; x_wconf 87' lang='lat' dir='ltr'>The</span> <span class='ocrx_word' id='word_1_208' title='bbox 354 4061 416 4109; x_wconf 85' lang='lat' dir='ltr'>page</span> <span class='ocrx_word' id='word_1_209' title='bbox 428 4045 489 4093; x_wconf 90' lang='lat' dir='ltr'>ends</span> <span class='ocrx_word' id='word_1_210' title='bbox 501 4061 537 4094; x_wconf 87' lang='lat' dir='ltr'>so.</span> <span class='ocrx_word' id='word_1_211' title='bbox 573 4047 628 4096; x_wconf 89' lang='lat' dir='ltr'>The</span> <span class='ocrx_word' id='word_1_212' title='bbox 640 4056 698 4096; x_wconf 86' lang='lat' dir='ltr'>next</span> <span class='ocrx_word' id='word_1_213' title='bbox 717 4046 777 4095; x_wconf 88' lang='lat' dir='ltr'>solio</span> <span class='ocrx_word' id='word_1_214' title='bbox 794 4045 881 4111; x_wconf 77' lang='lat' dir='ltr'>begins</span> <span class='ocrx_word' id='word_1_215' title='bbox 894 4046 953 4095; x_wconf 88' lang='lat' dir='ltr'>with</span> <span class='ocrx_word' id='word_1_216' title='bbox 971 4061 986 4094; x_wconf 86' lang='lat' dir='ltr'>a</span> <span class='ocrx_word' id='word_1_217' title='bbox 1003 4047 1075 4095; x_wconf 88' lang='lat' dir='ltr'>small</span> <span class='ocrx_word' id='word_1_218' title='bbox 1095 4061 1169 4110; x_wconf 82' lang='lat' dir='ltr'>space</span> <span class='ocrx_word' id='word_1_219' title='bbox 1187 4044 1231 4094; x_wconf 82' lang='lat' dir='ltr'>lest</span> <span class='ocrx_word' id='word_1_220' title='bbox 1248 4045 1327 4095; x_wconf 82' lang='lat' dir='ltr'>blank</span> <span class='ocrx_word' id='word_1_221' title='bbox 1344 4056 1371 4096; x_wconf 86' lang='lat' dir='ltr'>at</span> <span class='ocrx_word' id='word_1_222' title='bbox 1390 4049 1433 4098; x_wconf 83' lang='lat' dir='ltr'>the</span> 
     </span>
     <span class='ocr_line' id='line_1_37' title="bbox 229 4111 1433 4175; baseline 0.002 -15"><span class='ocrx_word' id='word_1_223' title='bbox 229 4119 280 4174; x_wconf 83' lang='lat' dir='ltr'>top.</span> <span class='ocrx_word' id='word_1_224' title='bbox 311 4114 340 4159; x_wconf 92' lang='lat' dir='ltr'>ln</span> <span class='ocrx_word' id='word_1_225' title='bbox 351 4111 391 4159; x_wconf 87' lang='lat' dir='ltr'>the</span> <span class='ocrx_word' id='word_1_226' title='bbox 404 4112 429 4160; x_wconf 91' lang='lat' dir='ltr'>S.</span> <span class='ocrx_word' id='word_1_227' title='bbox 445 4111 503 4159; x_wconf 85' lang='lat' dir='ltr'>Gall</span> <span class='ocrx_word' id='word_1_228' title='bbox 515 4112 570 4160; x_wconf 90' lang='lat' dir='ltr'>MS.</span> <span class='ocrx_word' id='word_1_229' title='bbox 586 4112 642 4174; x_wconf 81' lang='lat'>348,</span> <span class='ocrx_word' id='word_1_230' title='bbox 653 4114 702 4161; x_wconf 90' lang='lat' dir='ltr'>and</span> <span class='ocrx_word' id='word_1_231' title='bbox 713 4114 738 4161; x_wconf 87' lang='lat' dir='ltr'>in</span> <span class='ocrx_word' id='word_1_232' title='bbox 749 4111 875 4162; x_wconf 74' lang='lat' dir='ltr'>Menard’s</span> <span class='ocrx_word' id='word_1_233' title='bbox 885 4112 1073 4175; x_wconf 85' lang='lat' dir='ltr'>Sacramentary</span> <span class='ocrx_word' id='word_1_234' title='bbox 1082 4112 1124 4161; x_wconf 87' lang='lat' dir='ltr'>the</span> <span class='ocrx_word' id='word_1_235' title='bbox 1134 4127 1221 4175; x_wconf 84' lang='lat' dir='ltr'>prayer</span> <span class='ocrx_word' id='word_1_236' title='bbox 1229 4111 1250 4159; x_wconf 92' lang='lat' dir='ltr'>is</span> <span class='ocrx_word' id='word_1_237' title='bbox 1258 4112 1397 4161; x_wconf 84' lang='lat' dir='ltr'>continued</span> <span class='ocrx_word' id='word_1_238' title='bbox 1406 4130 1433 4162; x_wconf 81' lang='lat' dir='ltr'>as</span> 
     </span>
     <span class='ocr_line' id='line_1_38' title="bbox 228 4176 1433 4242; baseline 0.003 -19"><span class='ocrx_word' id='word_1_239' title='bbox 228 4176 342 4223; x_wconf 78' lang='lat' dir='ltr'>follows:</span> <span class='ocrx_word' id='word_1_240' title='bbox 366 4176 520 4239; x_wconf 84' lang='lat' dir='ltr'>protectione</span> <span class='ocrx_word' id='word_1_241' title='bbox 531 4178 635 4226; x_wconf 88' lang='lat' dir='ltr'>custodi.</span> <span class='ocrx_word' id='word_1_242' title='bbox 651 4189 676 4226; x_wconf 91' lang='lat' dir='ltr'>ut</span> <span class='ocrx_word' id='word_1_243' title='bbox 697 4179 739 4242; x_wconf 91' lang='lat' dir='ltr'>qui</span> <span class='ocrx_word' id='word_1_244' title='bbox 751 4178 906 4242; x_wconf 87' lang='lat' dir='ltr'>unigenitum</span> <span class='ocrx_word' id='word_1_245' title='bbox 918 4188 987 4225; x_wconf 88' lang='lat' dir='ltr'>tuum</span> <span class='ocrx_word' id='word_1_246' title='bbox 1000 4177 1026 4225; x_wconf 92' lang='lat' dir='ltr'>in</span> <span class='ocrx_word' id='word_1_247' title='bbox 1043 4192 1116 4226; x_wconf 90' lang='lat' dir='ltr'>carne</span> <span class='ocrx_word' id='word_1_248' title='bbox 1134 4176 1209 4225; x_wconf 89' lang='lat' dir='ltr'>nostrl</span> <span class='ocrx_word' id='word_1_249' title='bbox 1228 4177 1338 4240; x_wconf 89' lang='lat' dir='ltr'>corporis</span> <span class='ocrx_word' id='word_1_250' title='bbox 1357 4179 1433 4228; x_wconf 89' lang='lat' dir='ltr'>deum</span> 
     </span>
     <span class='ocr_line' id='line_1_39' title="bbox 228 4241 1434 4307; baseline 0.003 -19"><span class='ocrx_word' id='word_1_251' title='bbox 228 4254 312 4289; x_wconf 81' lang='lat' dir='ltr'>natum</span> <span class='ocrx_word' id='word_1_252' title='bbox 323 4256 376 4289; x_wconf 91' lang='lat' dir='ltr'>esse</span> <span class='ocrx_word' id='word_1_253' title='bbox 386 4241 482 4289; x_wconf 78' lang='lat' dir='ltr'>latetur.</span> <span class='ocrx_word' id='word_1_254' title='bbox 496 4243 647 4306; x_wconf 84' lang='lat' dir='ltr'>nullapossit</span> <span class='ocrx_word' id='word_1_255' title='bbox 658 4244 751 4292; x_wconf 88' lang='lat' dir='ltr'>diaboli</span> <span class='ocrx_word' id='word_1_256' title='bbox 763 4244 869 4292; x_wconf 80' lang='lat' dir='ltr'>salsitate</span> <span class='ocrx_word' id='word_1_257' title='bbox 881 4244 1013 4307; x_wconf 88' lang='lat' dir='ltr'>corrumpi.</span> <span class='ocrx_word' id='word_1_258' title='bbox 1042 4243 1072 4291; x_wconf 90' lang='lat' dir='ltr'>ln</span> <span class='ocrx_word' id='word_1_259' title='bbox 1082 4242 1125 4290; x_wconf 87' lang='lat' dir='ltr'>the</span> <span class='ocrx_word' id='word_1_260' title='bbox 1134 4242 1159 4291; x_wconf 90' lang='lat' dir='ltr'>S.</span> <span class='ocrx_word' id='word_1_261' title='bbox 1171 4242 1228 4290; x_wconf 84' lang='lat' dir='ltr'>Gall</span> <span class='ocrx_word' id='word_1_262' title='bbox 1241 4242 1434 4307; x_wconf 71' lang='lat' dir='ltr'>Sacramentum</span> 
     </span>
     <span class='ocr_line' id='line_1_40' title="bbox 227 4306 1435 4374; baseline 0.004 -20"><span class='ocrx_word' id='word_1_263' title='bbox 227 4308 269 4354; x_wconf 79' lang='lat' dir='ltr'>the</span> <span class='ocrx_word' id='word_1_264' title='bbox 283 4323 368 4369; x_wconf 81' lang='lat' dir='ltr'>prayer</span> <span class='ocrx_word' id='word_1_265' title='bbox 379 4322 483 4370; x_wconf 85' lang='lat' dir='ltr'>appears</span> <span class='ocrx_word' id='word_1_266' title='bbox 495 4324 521 4355; x_wconf 90' lang='lat' dir='ltr'>as</span> <span class='ocrx_word' id='word_1_267' title='bbox 534 4308 576 4356; x_wconf 85' lang='lat' dir='ltr'>the</span> <span class='ocrx_word' id='word_1_268' title='bbox 587 4309 678 4357; x_wconf 88' lang='lat' dir='ltr'>second</span> <span class='ocrx_word' id='word_1_269' title='bbox 690 4311 778 4358; x_wconf 86' lang='lat' dir='ltr'>collect</span> <span class='ocrx_word' id='word_1_270' title='bbox 791 4309 820 4357; x_wconf 82' lang='lat' dir='ltr'>os</span> <span class='ocrx_word' id='word_1_271' title='bbox 836 4309 879 4357; x_wconf 86' lang='lat' dir='ltr'>the</span> <span class='ocrx_word' id='word_1_272' title='bbox 891 4324 974 4357; x_wconf 84' lang='lat' dir='ltr'>mass:</span> <span class='ocrx_word' id='word_1_273' title='bbox 996 4309 1021 4356; x_wconf 90' lang='lat' dir='ltr'>in</span> <span class='ocrx_word' id='word_1_274' title='bbox 1044 4306 1171 4357; x_wconf 70' lang='lat' dir='ltr'>Menard&#39;s</span> <span class='ocrx_word' id='word_1_275' title='bbox 1188 4307 1394 4374; x_wconf 78' lang='lat' dir='ltr'>Sacramentary,</span> <span class='ocrx_word' id='word_1_276' title='bbox 1407 4326 1435 4359; x_wconf 86' lang='lat' dir='ltr'>as</span> 
     </span>
     <span class='ocr_line' id='line_1_41' title="bbox 226 4371 1115 4439; baseline 0.001 -19"><span class='ocrx_word' id='word_1_277' title='bbox 226 4373 292 4420; x_wconf 75' lang='lat' dir='ltr'>here.</span> <span class='ocrx_word' id='word_1_278' title='bbox 305 4371 322 4418; x_wconf 89' lang='lat' dir='ltr'>it</span> <span class='ocrx_word' id='word_1_279' title='bbox 336 4371 355 4418; x_wconf 80' lang='lat' dir='ltr'>is</span> <span class='ocrx_word' id='word_1_280' title='bbox 367 4388 381 4418; x_wconf 87' lang='lat' dir='ltr'>a</span> <span class='ocrx_word' id='word_1_281' title='bbox 393 4374 475 4435; x_wconf 77' lang='lat' dir='ltr'>Super</span> <span class='ocrx_word' id='word_1_282' title='bbox 484 4374 612 4435; x_wconf 71' lang='lat' dir='ltr'>populum,</span> <span class='ocrx_word' id='word_1_283' title='bbox 626 4375 670 4422; x_wconf 91' lang='lat' dir='ltr'>but</span> <span class='ocrx_word' id='word_1_284' title='bbox 682 4374 719 4422; x_wconf 86' lang='lat' dir='ltr'>lor</span> <span class='ocrx_word' id='word_1_285' title='bbox 729 4376 771 4423; x_wconf 90' lang='lat' dir='ltr'>the</span> <span class='ocrx_word' id='word_1_286' title='bbox 784 4375 885 4439; x_wconf 86' lang='lat' dir='ltr'>Sunday</span> <span class='ocrx_word' id='word_1_287' title='bbox 896 4373 959 4423; x_wconf 82' lang='lat' dir='ltr'>after</span> <span class='ocrx_word' id='word_1_288' title='bbox 971 4373 1115 4423; x_wconf 84' lang='lat' dir='ltr'>Christmas.</span> 
     </span>
    </p>

    <p class='ocr_par' dir='ltr' id='par_1_17' title="bbox 259 4435 1328 4504">
     <span class='ocr_line' id='line_1_42' title="bbox 259 4435 1328 4504; baseline 0.001 -19"><span class='ocrx_word' id='word_1_289' title='bbox 259 4435 269 4466; x_wconf 86' lang='grc'>“·“</span> <span class='ocrx_word' id='word_1_290' title='bbox 288 4438 330 4485; x_wconf 84' lang='lat' dir='ltr'>Fo.</span> <span class='ocrx_word' id='word_1_291' title='bbox 346 4436 393 4498; x_wconf 76' lang='lat' dir='ltr'>36v</span> <span class='ocrx_word' id='word_1_292' title='bbox 405 4438 454 4486; x_wconf 88' lang='lat' dir='ltr'>and</span> <span class='ocrx_word' id='word_1_293' title='bbox 477 4454 493 4484; x_wconf 89' lang='lat' dir='ltr'>o</span> <span class='ocrx_word' id='word_1_294' title='bbox 507 4448 545 4500; x_wconf 81' lang='lat'>,37</span> <span class='ocrx_word' id='word_1_295' title='bbox 557 4455 599 4488; x_wconf 84' lang='lat' dir='ltr'>are</span> <span class='ocrx_word' id='word_1_296' title='bbox 610 4439 730 4504; x_wconf 87' lang='lat' dir='ltr'>occupied</span> <span class='ocrx_word' id='word_1_297' title='bbox 748 4440 780 4504; x_wconf 90' lang='lat' dir='ltr'>by</span> <span class='ocrx_word' id='word_1_298' title='bbox 792 4439 943 4489; x_wconf 86' lang='lat' dir='ltr'>miniatures.</span> <span class='ocrx_word' id='word_1_299' title='bbox 975 4440 1034 4500; x_wconf 85' lang='lat' dir='ltr'>(See</span> <span class='ocrx_word' id='word_1_300' title='bbox 1048 4440 1130 4488; x_wconf 76' lang='lat' dir='ltr'>Platea</span> <span class='ocrx_word' id='word_1_301' title='bbox 1143 4438 1193 4488; x_wconf 93' lang='lat'>111.</span> <span class='ocrx_word' id='word_1_302' title='bbox 1205 4438 1255 4487; x_wconf 88' lang='lat' dir='ltr'>and</span> <span class='ocrx_word' id='word_1_303' title='bbox 1269 4437 1328 4498; x_wconf 84' lang='lat' dir='ltr'>IV.)</span> 
     </span>
    </p>
   </div>
   <div class='ocr_carea' id='block_1_17' title="bbox 0 0 1531 5092">
    <p class='ocr_par' dir='ltr' id='par_1_18' title="bbox 0 0 1531 5092">
     <span class='ocr_line' id='line_1_43' title="bbox 0 0 1531 5092; baseline 0 0"><span class='ocrx_word' id='word_1_304' title='bbox 0 0 1531 5092; x_wconf 95' lang='lat' dir='ltr'> </span> 
     </span>
    </p>
   </div>
  </div>
 </body>
</html>
