3046 5092
152 278 184 328 82
469 276 586 327 HEBD.
620 277 646 327 V.
677 277 814 339 QUADR.
859 278 974 328 FERIA
1005 277 1033 328 V.

606 445 638 509 A
642 448 670 510 d
679 448 907 529 complendum.

201 561 255 624 Da
281 580 461 643 quesumus
488 560 701 642 omnipotens
722 560 805 622 deus
827 569 865 623 ut
890 580 977 641 quae
999 560 1114 625 diuina
1136 571 1214 626 sunt
1237 561 1360 645 iugiter

156 659 369 730 exequentes.
415 647 511 710 donis
553 667 739 710 mereamur
783 647 981 711 caelestibus
1026 649 1258 731 propinquare
1299 671 1360 732 per

156 736 329 798 dominum
346 745 504 797 nostrum.

616 837 724 920 Super
729 838 891 921 populum.

203 951 257 1013 Da
279 950 375 1013 nobis
397 970 577 1031 quesumus
599 951 735 1013 domine
758 961 1024 1032 perseuerantem
1049 952 1080 1014 in
1105 961 1163 1015 tua
1185 953 1361 1018 uoluntate

159 1037 364 1100 famulatum.
390 1048 426 1100 ut
450 1038 482 1099 in
507 1038 623 1101 diebus
647 1038 767 1099 nostris
790 1048 824 1101 et
847 1039 965 1102 merito
988 1048 1022 1102 et
1044 1059 1183 1103 numero
1215 1042 1360 1124 populus

158 1125 218 1188 tibi
235 1125 381 1187 seruiens
397 1133 564 1207 augeatur.
581 1144 640 1206 per
652 1125 834 1187 dominum.

643 1311 761 1374 anrn
786 1311 870 1374 1111.

202 1440 417 1507 Sanctificato
432 1440 495 1503 hoc
512 1440 634 1503 ieiunio
649 1442 730 1504 deus
747 1441 847 1503 corda
863 1440 1012 1503 fidelium
1030 1442 1203 1505 miserator
1220 1440 1359 1506 illustra.

158 1538 191 1592 et
221 1530 341 1610 quibus
371 1528 559 1591 deuotionis
589 1538 737 1609 praestas
762 1526 928 1591 affectum.
953 1530 1075 1610 praebe
1095 1530 1362 1612 supplicantibus

158 1617 249 1698 pium
267 1616 429 1698 benignus
445 1615 616 1677 auxilium.
633 1635 699 1697 per.

692 1748 828 1812 Secreta.

202 1863 325 1926 Annue
341 1861 524 1924 misericors
540 1862 622 1924 deus
637 1869 674 1924 ut
689 1862 814 1925 hostias
831 1860 1026 1944 placationis
1042 1869 1076 1924 et
1091 1860 1207 1924 laudis.
1224 1863 1356 1926 sincero

158 1950 219 2013 tibi
235 1950 422 2012 deseramus
438 1949 606 2029 obsequio.
623 1969 682 2031 per
697 1949 870 2012 dominum
888 1957 1047 2011 nostrum.

669 2083 850 2162 Praefatio.

203 2197 253 2260 (D
280 2206 413 2258 aeterne
437 2198 527 2259 deus.
566 2197 612 2260 Et
635 2205 669 2258 te
699 2196 839 2278 supplici
865 2195 1043 2259 deuotione
1066 2216 1213 2259 exorare.
1240 2205 1277 2260 ut
1304 2218 1363 2281 per

92 2343 98 2352 Α
159 2283 280 2345 ieiunia
304 2303 390 2363 quae
416 2283 516 2345 sacris
550 2283 709 2345 institutis
747 2283 952 2363 exequimur.
986 2296 1019 2361 ja
1049 2284 1177 2346 cunctis
1202 2282 1259 2364 [so.
1290 2301 1360 2363 55v.

160 2370 303 2432 reatibus
340 2371 512 2432 emundari
551 2390 743 2432 mercamur.
781 2380 941 2451 tuamque
980 2371 1147 2452 percipere
1188 2371 1361 2433 ualeamus

153 2457 436 2538 propitiationem.
453 2458 508 2537 qui
526 2477 762 2538 praeparamur
780 2458 821 2518 ad
839 2457 1096 2519 caelebrandum
1117 2458 1280 2538 unigeniti
1306 2458 1361 2520 filii

159 2545 207 2605 tui
220 2545 415 2625 passionem.
433 2564 605 2625 perquem
624 2545 830 2605 maiestatem
848 2555 949 2608 tuam.

610 2678 673 2741 Ad
683 2680 906 2759 complendum.

204 2793 364 2857 Caelestis
380 2793 459 2855 doni
487 2791 720 2854 benedictione
744 2802 901 2873 percepta
917 2792 1083 2872 supplices
1100 2801 1132 2853 te
1150 2792 1233 2854 deus
1257 2795 1364 2856 omni-

160 2892 277 2962 potens
290 2882 533 2960 depraecamur.
547 2889 583 2941 ut
596 2879 659 2940 hoc
676 2880 763 2941 idem
782 2880 878 2941 nobis
894 2888 927 2940 et
944 2881 1141 2940 sacramenti
1159 2900 1260 2943 causa
1274 2884 1317 2944 sit
1334 2893 1366 2945 et

160 2969 282 3030 salutis.
300 2989 358 3049 per
373 2968 553 3029 dominum.

623 3076 732 3157 Super
738 3077 901 3157 populum.

205 3190 335 3252 Adesto
374 3188 672 3271 supplicationibus
704 3191 825 3250 nostris
856 3189 1070 3269 omnipotens
1101 3191 1192 3252 deus.
1224 3190 1281 3266 uti
1312 3194 1367 3275 qui

161 3278 315 3340 fiduciam
347 3277 510 3358 sperande
542 3277 675 3356 pietatis
707 3276 866 3358 indulges,
899 3287 1078 3338 consuetae
1119 3279 1368 3344 misericordiae

161 3366 268 3427 tribue
286 3366 448 3446 benignus
464 3362 627 3425 eflectum.
644 3383 709 3444 per.

712 3543 831 3605 anm
856 3544 895 3605 V.

206 3685 340 3747 Praesta
367 3700 546 3761 quesumus
573 3680 786 3759 omnipotens
816 3682 898 3742 deus
923 3691 960 3743 ut
988 3681 1135 3762 dignitas
1162 3684 1369 3747 conditionis

162 3773 328 3835 humanae
355 3790 412 3849 per
438 3769 714 3829 inmoderantiam
740 3770 887 3829 sauciata
911 3768 1118 3832 medicinalis
1141 3772 1368 3851 parsimoniae

162 3860 273 3922 studio
290 3856 492 3919 reformetur.
510 3876 567 3936 per
583 3857 756 3917 dominum
775 3866 933 3918 nostrum.

695 3990 832 4053 Secreta.

207 4107 353 4171 Domine
383 4106 465 4166 deus
497 4112 608 4164 noster
638 4103 694 4183 qui
726 4103 757 4163 in
790 4102 840 4163 his
871 4103 981 4184 potius
1011 4103 1169 4165 creaturis
1200 4123 1287 4184 quas
1324 4104 1364 4166 ad

162 4194 350 4276 fragilitatis
378 4201 510 4252 nostrae
540 4190 723 4251 subsidium
757 4190 943 4251 condidisti.
975 4202 1034 4251 tuo
1071 4210 1205 4270 quoque
1238 4192 1365 4253 nomini

164 4303 301 4345 munera
325 4280 444 4340 iussisti
470 4280 611 4339 dicanda
635 4278 800 4339 constitui.
824 4277 930 4338 tribue
954 4296 1134 4356 quesumus
1158 4288 1195 4338 ut
1219 4289 1251 4338 et
1278 4280 1365 4340 uitae

163 4371 259 4432 nobis
277 4368 458 4449 praesentis
476 4364 645 4427 auxilium.
663 4375 696 4427 et
720 4363 927 4426 aeternitatis
950 4363 1094 4427 efficiant
1107 4377 1363 4429 sacramentum.

161 4478 226 4539 per.
