3046 5092
384 339 431 390 IN
455 340 530 392 CAP.
562 339 715 391 IEIUNII.
763 339 878 389 FERIA
902 339 971 390 IIII.
1251 339 1281 390 61

452 552 692 617 Bauamcno
715 565 902 617 emanun.

122 685 348 768 Omnipotens
375 686 575 768 sempiterne
605 686 687 749 deus
718 705 816 766 parce
847 685 1078 749 metuentibus,
1104 685 1282 769 propitiare

79 772 291 856 supplicibus.
307 782 341 835 et
357 774 488 835 mittere
504 773 641 853 dignare
657 781 809 835 sanctum
826 772 982 854 angelum
1005 782 1099 836 tuum
1116 773 1158 836 de
1174 772 1281 836 caelis

78 861 135 942 qui
160 857 351 933 benedicet†
374 868 408 921 et
432 856 614 921 sanctificet
636 859 761 921 cineres
788 858 875 921 istos.
900 868 936 922 ut
961 859 1028 923 sint
1051 859 1233 922 remedium
1248 870 1282 922 et

77 947 210 1009 salubre
246 946 400 1008 omnibus
437 965 559 1008 nomen
601 955 695 1008 tuum
733 943 901 1008 humiliter
945 945 1205 1027 implorantibus
1244 965 1282 1008 ac

78 1034 276 1115 semetipsos
314 1053 375 1114 pro
412 1032 614 1094 conscientia
651 1031 846 1095 delictorum
878 1052 1012 1094 suorum
1044 1032 1282 1096 accusantibus.

78 1131 179 1201 atque
196 1121 227 1182 in
245 1129 423 1200 conspectu
440 1118 572 1180 diuinae
587 1117 784 1181 clementiae
806 1128 883 1180 tuae
906 1118 1051 1181 facinora
1073 1140 1133 1181 sua
1155 1119 1285 1200 deplor-

79 1206 221 1270 antibus,
237 1205 290 1268 uel
311 1205 554 1268 serenissimam
579 1206 738 1286 pietatem
762 1215 854 1268 tuam
878 1205 1070 1288 suppliciter
1092 1206 1283 1286 obnixeque

80 1292 306 1374 flagitantibus
344 1302 475 1375 praesta
505 1312 684 1373 quesumus
721 1312 780 1375 per
809 1292 1053 1355 inuocationem
1084 1293 1282 1355 sanctissimi

79 1381 223 1443 nominis
246 1381 301 1442 tui.
319 1388 355 1441 ut
377 1379 577 1460 quicumque
592 1399 649 1440 eos
665 1399 763 1460 super
778 1399 813 1441 se
829 1380 1027 1460 asperserint
1050 1399 1110 1461 pro
1132 1380 1283 1459 redemp-

78 1467 172 1529 tione
187 1476 406 1548 peecatorum.
423 1465 569 1547 corporis
584 1465 761 1529 sanitatem
778 1475 813 1528 et
828 1466 959 1529 animae
982 1467 1120 1529 tutelam
1144 1466 1282 1549 percipi-

80 1563 147 1616 ant
163 1573 222 1636 per
235 1553 418 1616 dominum.

636 1662 729 1726 Alia.

126 1784 220 1847 Deus
235 1783 290 1866 qui
307 1783 537 1846 humiliatione
552 1782 700 1846 flecteris.
716 1793 749 1844 et
765 1783 989 1846 satisfactione
1004 1784 1151 1866 placaris
1168 1803 1281 1846 aurem

82 1882 160 1935 tuae
189 1871 323 1953 pietatis
354 1870 475 1933 inclina
505 1869 678 1951 praecibus
704 1871 890 1933 nostriset
921 1872 1084 1952 capitibus
1113 1891 1282 1933 seruorum

82 1969 214 2022 tuorum
232 1960 316 2020 hanc
339 1958 467 2038 cyneris
491 1955 689 2020 infusionem
712 1956 845 2019 effunde
867 1958 1008 2039 gratiam
1032 1968 1108 2021 tuae
1130 1957 1283 2020 benedic-

81 2046 189 2108 tionis
206 2054 240 2106 et
254 2064 312 2107 eos
327 2044 443 2126 spiritu
453 2044 718 2126 compunctionis
728 2043 866 2126 repleas,
878 2055 911 2107 et
923 2065 1009 2125 quae
1024 2042 1145 2127 [iustae
1160 2043 1217 2126 [s0.
1230 2061 1284 2115 42.

82 2130 331 2214 postulauerint.
343 2129 519 2192 efficaciter
544 2129 677 2192 tribuas.
698 2140 730 2193 et
748 2150 905 2192 concessa
925 2142 1085 2213 perpetua
1103 2130 1284 2195 stabilitate

84 2238 219 2281 manere
233 2227 309 2281 acta
323 2218 490 2281 decernas.
504 2236 564 2299 per
578 2217 750 2280 dominum
766 2227 925 2281 nostrum.

593 2457 712 2520 Fama
731 2457 814 2521 llll.

130 2627 288 2693 Concede
309 2626 406 2690 nobis
430 2624 566 2688 domine
591 2624 757 2705 praesidia
781 2623 919 2685 militiae
942 2622 1140 2688 christianae
1162 2626 1284 2688 sanctis

87 2714 245 2779 inchoare
269 2715 405 2777 ieiuniis.
422 2724 458 2776 ut
473 2721 589 2775 contra
604 2710 769 2792 spiritales
792 2711 957 2793 nequitias
979 2712 1157 2794 pugnaturi
1181 2713 1285 2776 conti-

87 2802 222 2865 nentiae
238 2802 428 2864 muniamur
443 2798 585 2862 auxiliis.
605 2817 671 2880 per.

637 2946 730 3010 Alia.

133 3071 270 3136 Praesta
324 3069 460 3133 domine
507 3066 660 3131 fidelibus
697 3069 770 3130 tuis.
801 3077 839 3131 ut
869 3067 1064 3131 ieiuniorum
1095 3069 1286 3133 ueneranda

86 3158 295 3240 sollempnia
325 3166 359 3219 et
381 3175 527 3238 congrua
556 3156 682 3238 pietate
704 3155 894 3236 suscipiant.
917 3165 950 3218 et
972 3175 1087 3218 secura
1109 3157 1287 3220 deuotione

87 3255 292 3330 percurrant.
311 3264 378 3327 per.

619 3389 757 3455 Secreta.

134 3505 203 3568 Fac
219 3524 280 3569 nos
295 3522 475 3586 quesumus
498 3501 635 3566 domine
657 3503 709 3565 his
732 3502 922 3567 muneribus
944 3503 1121 3570 offerendis
1143 3525 1287 3569 conuen-

87 3593 195 3656 ienter
224 3591 339 3673 aptari.
362 3589 482 3671 quibus
505 3589 608 3671 ipsius
638 3589 836 3652 uenerabilis
857 3593 1053 3655 sacramenti
1084 3592 1288 3656 celebramus

89 3679 278 3744 exordium.

597 3787 780 3867 Praefatio.

138 3904 188 3969 (θ
226 3911 360 3965 aeterne
397 3901 487 3964 deus.
534 3896 601 3980 Qui
631 3900 794 3980 corporali
826 3900 948 3964 ieiunio
977 3902 1059 3966 uitia
1088 3904 1287 3985 comprimis.

92 4001 241 4056 mentem
278 3989 397 4051 eleuas
436 3987 592 4049 uirtutem
624 3986 751 4068 largiris
788 3997 823 4050 et
852 3989 1007 4071 praemia.
1041 4010 1100 4072 per
1129 3991 1288 4055 christum

91 4078 268 4143 dominum
285 4084 444 4138 nostrum.

538 4199 602 4264 Ad
610 4200 835 4281 complendum.

138 4317 301 4398 Percepta
329 4311 426 4376 nobis
448 4311 585 4375 domine
607 4311 788 4394 praebeant
811 4324 1017 4378 sacramenta
1040 4314 1232 4380 subsidium.
1252 4328 1289 4380 ut

92 4415 127 4470 et
143 4404 205 4469 tibi
219 4410 317 4487 grata
330 4401 397 4465 sint
412 4409 526 4464 nostra
548 4398 676 4463 ieiunia
692 4409 726 4462 et
742 4399 837 4463 nobis
860 4401 1033 4483 proficiant
1049 4404 1091 4467 ad
1116 4403 1290 4466 medelam.

91 4512 160 4579 per.
