<?xml version="1.0" encoding="UTF-8"?>
<!DOCTYPE html PUBLIC "-//W3C//DTD XHTML 1.0 Transitional//EN"
    "http://www.w3.org/TR/xhtml1/DTD/xhtml1-transitional.dtd">
<html xmlns="http://www.w3.org/1999/xhtml" xml:lang="en" lang="en">
 <head>
  <title>
</title>
<meta http-equiv="Content-Type" content="text/html;charset=utf-8" />
  <meta name='ocr-system' content='tesseract 3.04.00' />
  <meta name='ocr-capabilities' content='ocr_page ocr_carea ocr_par ocr_line ocrx_word'/>
</head>
<body>
  <div class='ocr_page' id='page_1' title='image "./missalrobertjum01wilsgoog_0337.png"; bbox 0 0 3046 5092; ppageno 0'>
   <div class='ocr_carea' id='block_1_1' title="bbox 305 346 1349 407">
    <p class='ocr_par' dir='ltr' id='par_1_1' title="bbox 305 346 1349 407">
     <span class='ocr_line' id='line_1_1' title="bbox 305 346 1349 407; baseline -0.009 -4"><span class='ocrx_word' id='word_1_1' title='bbox 305 352 410 403; x_wconf 74' lang='lat' dir='ltr'>om.</span> <span class='ocrx_word' id='word_1_2' title='bbox 436 350 490 401; x_wconf 78' lang='lat' dir='ltr'>AD</span> <span class='ocrx_word' id='word_1_3' title='bbox 512 347 865 400; x_wconf 74' lang='lat' dir='ltr'><em>RECONCILIANDUM</em></span> <span class='ocrx_word' id='word_1_4' title='bbox 882 346 1170 397; x_wconf 81' lang='lat' dir='ltr'><em>POENITENTEM.</em></span> <span class='ocrx_word' id='word_1_5' title='bbox 1305 356 1349 407; x_wconf 84' lang='lat'>271</span> 
     </span>
    </p>
   </div>
   <div class='ocr_carea' id='block_1_2' title="bbox 707 502 797 565">
    <p class='ocr_par' dir='ltr' id='par_1_2' title="bbox 707 502 797 565">
     <span class='ocr_line' id='line_1_2' title="bbox 707 502 797 565; baseline 0.011 -1"><span class='ocrx_word' id='word_1_6' title='bbox 707 502 797 565; x_wconf 83' lang='lat' dir='ltr'>Alia.</span> 
     </span>
    </p>
   </div>
   <div class='ocr_carea' id='block_1_3' title="bbox 154 613 1351 876">
    <p class='ocr_par' dir='ltr' id='par_1_3' title="bbox 154 613 1351 876">
     <span class='ocr_line' id='line_1_3' title="bbox 200 613 1351 695; baseline -0.004 -14"><span class='ocrx_word' id='word_1_7' title='bbox 200 618 395 681; x_wconf 92' lang='lat' dir='ltr'>Praeueniat</span> <span class='ocrx_word' id='word_1_8' title='bbox 425 616 512 678; x_wconf 91' lang='lat' dir='ltr'>hunc</span> <span class='ocrx_word' id='word_1_9' title='bbox 536 614 697 678; x_wconf 78' lang='lat' dir='ltr'>famulum</span> <span class='ocrx_word' id='word_1_10' title='bbox 725 624 819 677; x_wconf 94' lang='lat' dir='ltr'>tuum</span> <span class='ocrx_word' id='word_1_11' title='bbox 849 634 1030 695; x_wconf 87' lang='lat' dir='ltr'>quesumus</span> <span class='ocrx_word' id='word_1_12' title='bbox 1061 613 1196 675; x_wconf 91' lang='lat' dir='ltr'>domine</span> <span class='ocrx_word' id='word_1_13' title='bbox 1227 614 1351 676; x_wconf 88' lang='lat' dir='ltr'>miseri-</span> 
     </span>
     <span class='ocr_line' id='line_1_4' title="bbox 154 699 1351 783; baseline -0.005 -14"><span class='ocrx_word' id='word_1_14' title='bbox 154 706 267 769; x_wconf 91' lang='lat' dir='ltr'>cordia</span> <span class='ocrx_word' id='word_1_15' title='bbox 283 716 349 767; x_wconf 89' lang='lat' dir='ltr'>tua.</span> <span class='ocrx_word' id='word_1_16' title='bbox 365 713 402 766; x_wconf 90' lang='lat' dir='ltr'>ut</span> <span class='ocrx_word' id='word_1_17' title='bbox 417 723 534 765; x_wconf 88' lang='lat' dir='ltr'>omnes</span> <span class='ocrx_word' id='word_1_18' title='bbox 550 700 740 783; x_wconf 82' lang='lat' dir='ltr'>iniquitates</span> <span class='ocrx_word' id='word_1_19' title='bbox 752 702 822 763; x_wconf 88' lang='lat' dir='ltr'>eius</span> <span class='ocrx_word' id='word_1_20' title='bbox 834 702 931 763; x_wconf 91' lang='lat' dir='ltr'>celeri</span> <span class='ocrx_word' id='word_1_21' title='bbox 949 700 1154 781; x_wconf 85' lang='lat' dir='ltr'>indulgentia</span> <span class='ocrx_word' id='word_1_22' title='bbox 1170 699 1351 764; x_wconf 90' lang='lat' dir='ltr'>deleantur.</span> 
     </span>
     <span class='ocr_line' id='line_1_5' title="bbox 154 792 409 876; baseline -0.004 -23"><span class='ocrx_word' id='word_1_23' title='bbox 154 813 213 876; x_wconf 90' lang='lat' dir='ltr'>per</span> <span class='ocrx_word' id='word_1_24' title='bbox 228 792 409 856; x_wconf 88' lang='lat' dir='ltr'>dominum.</span> 
     </span>
    </p>
   </div>
   <div class='ocr_carea' id='block_1_4' title="bbox 155 907 1353 1189">
    <p class='ocr_par' dir='ltr' id='par_1_4' title="bbox 155 907 1353 1189">
     <span class='ocr_line' id='line_1_6' title="bbox 705 907 798 970; baseline 0 -1"><span class='ocrx_word' id='word_1_25' title='bbox 705 907 798 970; x_wconf 73' lang='lat' dir='ltr'>Alia.</span> 
     </span>
     <span class='ocr_line' id='line_1_7' title="bbox 199 1018 1353 1103; baseline -0.001 -18"><span class='ocrx_word' id='word_1_26' title='bbox 199 1022 332 1085; x_wconf 88' lang='lat' dir='ltr'>Adesto</span> <span class='ocrx_word' id='word_1_27' title='bbox 347 1022 481 1084; x_wconf 90' lang='lat' dir='ltr'>domine</span> <span class='ocrx_word' id='word_1_28' title='bbox 497 1020 794 1103; x_wconf 88' lang='lat' dir='ltr'>supplicationibus</span> <span class='ocrx_word' id='word_1_29' title='bbox 811 1020 938 1082; x_wconf 90' lang='lat' dir='ltr'>nostris.</span> <span class='ocrx_word' id='word_1_30' title='bbox 956 1038 1017 1081; x_wconf 88' lang='lat' dir='ltr'>nec</span> <span class='ocrx_word' id='word_1_31' title='bbox 1032 1019 1074 1080; x_wconf 93' lang='lat' dir='ltr'>sit</span> <span class='ocrx_word' id='word_1_32' title='bbox 1090 1018 1134 1080; x_wconf 94' lang='lat' dir='ltr'>ab</span> <span class='ocrx_word' id='word_1_33' title='bbox 1150 1018 1212 1081; x_wconf 93' lang='lat' dir='ltr'>hoc</span> <span class='ocrx_word' id='word_1_34' title='bbox 1228 1019 1353 1083; x_wconf 86' lang='lat' dir='ltr'>famulo</span> 
     </span>
     <span class='ocr_line' id='line_1_8' title="bbox 155 1104 1353 1189; baseline -0.003 -17"><span class='ocrx_word' id='word_1_35' title='bbox 155 1121 216 1173; x_wconf 92' lang='lat' dir='ltr'>tuo</span> <span class='ocrx_word' id='word_1_36' title='bbox 231 1108 426 1172; x_wconf 90' lang='lat' dir='ltr'>clementiae</span> <span class='ocrx_word' id='word_1_37' title='bbox 450 1117 527 1171; x_wconf 88' lang='lat' dir='ltr'>tuae</span> <span class='ocrx_word' id='word_1_38' title='bbox 554 1108 735 1189; x_wconf 89' lang='lat' dir='ltr'>longinqua</span> <span class='ocrx_word' id='word_1_39' title='bbox 761 1107 937 1177; x_wconf 74' lang='lat' dir='ltr'>miseratio</span> <span class='ocrx_word' id='word_1_40' title='bbox 955 1124 1036 1166; x_wconf 90' lang='lat' dir='ltr'>sana</span> <span class='ocrx_word' id='word_1_41' title='bbox 1058 1104 1194 1167; x_wconf 90' lang='lat' dir='ltr'>uulnera</span> <span class='ocrx_word' id='word_1_42' title='bbox 1218 1107 1353 1188; x_wconf 90' lang='lat' dir='ltr'>eiusque</span> 
     </span>
    </p>
   </div>
   <div class='ocr_carea' id='block_1_5' title="bbox 156 1192 1351 1364">
    <p class='ocr_par' dir='ltr' id='par_1_5' title="bbox 156 1192 1351 1364">
     <span class='ocr_line' id='line_1_9' title="bbox 156 1192 1351 1277; baseline -0.003 -18"><span class='ocrx_word' id='word_1_43' title='bbox 156 1197 289 1259; x_wconf 86' lang='lat' dir='ltr'>remitte</span> <span class='ocrx_word' id='word_1_44' title='bbox 319 1206 463 1277; x_wconf 91' lang='lat' dir='ltr'>peecata.</span> <span class='ocrx_word' id='word_1_45' title='bbox 495 1204 531 1257; x_wconf 94' lang='lat' dir='ltr'>ut</span> <span class='ocrx_word' id='word_1_46' title='bbox 562 1193 659 1256; x_wconf 93' lang='lat' dir='ltr'>nullis</span> <span class='ocrx_word' id='word_1_47' title='bbox 694 1213 713 1255; x_wconf 89' lang='lat' dir='ltr'>a</span> <span class='ocrx_word' id='word_1_48' title='bbox 744 1201 777 1254; x_wconf 94' lang='lat' dir='ltr'>te</span> <span class='ocrx_word' id='word_1_49' title='bbox 809 1192 1036 1274; x_wconf 89' lang='lat' dir='ltr'>iniquitatibus</span> <span class='ocrx_word' id='word_1_50' title='bbox 1074 1202 1253 1272; x_wconf 87' lang='lat' dir='ltr'>separatus.</span> <span class='ocrx_word' id='word_1_51' title='bbox 1292 1196 1351 1256; x_wconf 90' lang='lat' dir='ltr'>tibi</span> 
     </span>
     <span class='ocr_line' id='line_1_10' title="bbox 156 1280 1187 1364; baseline -0.006 -17"><span class='ocrx_word' id='word_1_52' title='bbox 156 1284 294 1347; x_wconf 93' lang='lat' dir='ltr'>domino</span> <span class='ocrx_word' id='word_1_53' title='bbox 310 1302 441 1364; x_wconf 87' lang='lat' dir='ltr'>semper</span> <span class='ocrx_word' id='word_1_54' title='bbox 456 1282 565 1344; x_wconf 89' lang='lat' dir='ltr'>ualeat</span> <span class='ocrx_word' id='word_1_55' title='bbox 582 1281 746 1343; x_wconf 87' lang='lat' dir='ltr'>adherere.</span> <span class='ocrx_word' id='word_1_56' title='bbox 765 1300 823 1361; x_wconf 91' lang='lat' dir='ltr'>per</span> <span class='ocrx_word' id='word_1_57' title='bbox 838 1280 1011 1341; x_wconf 91' lang='lat' dir='ltr'>dominum</span> <span class='ocrx_word' id='word_1_58' title='bbox 1029 1288 1187 1341; x_wconf 89' lang='lat' dir='ltr'>nostrum.</span> 
     </span>
    </p>
   </div>
   <div class='ocr_carea' id='block_1_6' title="bbox 712 1414 803 1476">
    <p class='ocr_par' dir='ltr' id='par_1_6' title="bbox 712 1414 803 1476">
     <span class='ocr_line' id='line_1_11' title="bbox 712 1414 803 1476; baseline 0.011 -1"><span class='ocrx_word' id='word_1_59' title='bbox 712 1414 803 1476; x_wconf 80' lang='grc' dir='ltr'><em>ΑΙία.</em></span> 
     </span>
    </p>
   </div>
   <div class='ocr_carea' id='block_1_7' title="bbox 155 1524 1354 1955">
    <p class='ocr_par' dir='ltr' id='par_1_7' title="bbox 155 1524 1354 1955">
     <span class='ocr_line' id='line_1_12' title="bbox 201 1524 1352 1607; baseline 0.001 -19"><span class='ocrx_word' id='word_1_60' title='bbox 201 1525 347 1588; x_wconf 92' lang='lat' dir='ltr'>Domine</span> <span class='ocrx_word' id='word_1_61' title='bbox 370 1526 451 1589; x_wconf 87' lang='lat' dir='ltr'>deus</span> <span class='ocrx_word' id='word_1_62' title='bbox 475 1535 594 1588; x_wconf 90' lang='lat' dir='ltr'>noster.</span> <span class='ocrx_word' id='word_1_63' title='bbox 610 1526 666 1607; x_wconf 94' lang='lat' dir='ltr'>qui</span> <span class='ocrx_word' id='word_1_64' title='bbox 690 1524 872 1587; x_wconf 84' lang='lat' dir='ltr'>ofsensione</span> <span class='ocrx_word' id='word_1_65' title='bbox 897 1535 1009 1588; x_wconf 92' lang='lat' dir='ltr'>nostra</span> <span class='ocrx_word' id='word_1_66' title='bbox 1034 1546 1100 1588; x_wconf 91' lang='lat' dir='ltr'>non</span> <span class='ocrx_word' id='word_1_67' title='bbox 1129 1528 1268 1589; x_wconf 88' lang='lat' dir='ltr'>uinceris</span> <span class='ocrx_word' id='word_1_68' title='bbox 1295 1528 1352 1589; x_wconf 88' lang='lat' dir='ltr'>sed</span> 
     </span>
     <span class='ocr_line' id='line_1_13' title="bbox 155 1612 1352 1695; baseline 0 -20"><span class='ocrx_word' id='word_1_69' title='bbox 155 1612 382 1675; x_wconf 83' lang='lat' dir='ltr'>satisfactione</span> <span class='ocrx_word' id='word_1_70' title='bbox 405 1612 555 1695; x_wconf 89' lang='lat' dir='ltr'>placaris.</span> <span class='ocrx_word' id='word_1_71' title='bbox 572 1613 697 1695; x_wconf 89' lang='lat' dir='ltr'>respice</span> <span class='ocrx_word' id='word_1_72' title='bbox 713 1632 893 1694; x_wconf 90' lang='lat' dir='ltr'>quesumus</span> <span class='ocrx_word' id='word_1_73' title='bbox 910 1612 951 1673; x_wconf 88' lang='lat' dir='ltr'>ad</span> <span class='ocrx_word' id='word_1_74' title='bbox 975 1612 1062 1675; x_wconf 92' lang='lat' dir='ltr'>hunc</span> <span class='ocrx_word' id='word_1_75' title='bbox 1080 1612 1240 1676; x_wconf 82' lang='lat' dir='ltr'>famulum</span> <span class='ocrx_word' id='word_1_76' title='bbox 1259 1624 1352 1676; x_wconf 87' lang='lat' dir='ltr'>tuum</span> 
     </span>
     <span class='ocr_line' id='line_1_14' title="bbox 155 1697 1352 1781; baseline -0.001 -19"><span class='ocrx_word' id='word_1_77' title='bbox 155 1700 213 1781; x_wconf 94' lang='lat' dir='ltr'>qui</span> <span class='ocrx_word' id='word_1_78' title='bbox 236 1719 272 1761; x_wconf 91' lang='lat' dir='ltr'>se</span> <span class='ocrx_word' id='word_1_79' title='bbox 289 1699 346 1762; x_wconf 94' lang='lat' dir='ltr'>tibi</span> <span class='ocrx_word' id='word_1_80' title='bbox 371 1720 525 1781; x_wconf 87' lang='lat' dir='ltr'>peccasse</span> <span class='ocrx_word' id='word_1_81' title='bbox 547 1700 691 1779; x_wconf 85' lang='lat' dir='ltr'>grauiter</span> <span class='ocrx_word' id='word_1_82' title='bbox 712 1697 894 1762; x_wconf 88' lang='lat' dir='ltr'>confitetur.</span> <span class='ocrx_word' id='word_1_83' title='bbox 941 1699 1051 1762; x_wconf 90' lang='lat' dir='ltr'>Tuum</span> <span class='ocrx_word' id='word_1_84' title='bbox 1075 1709 1125 1762; x_wconf 91' lang='lat' dir='ltr'>est</span> <span class='ocrx_word' id='word_1_85' title='bbox 1149 1700 1352 1762; x_wconf 87' lang='lat' dir='ltr'>ablutionem</span> 
     </span>
     <span class='ocr_line' id='line_1_15' title="bbox 156 1786 1351 1868; baseline 0.001 -21"><span class='ocrx_word' id='word_1_86' title='bbox 156 1786 332 1848; x_wconf 89' lang='lat' dir='ltr'>criminum</span> <span class='ocrx_word' id='word_1_87' title='bbox 363 1787 452 1848; x_wconf 89' lang='lat' dir='ltr'>dare.</span> <span class='ocrx_word' id='word_1_88' title='bbox 484 1795 516 1848; x_wconf 87' lang='lat' dir='ltr'>et</span> <span class='ocrx_word' id='word_1_89' title='bbox 543 1787 675 1848; x_wconf 89' lang='lat' dir='ltr'>ueniam</span> <span class='ocrx_word' id='word_1_90' title='bbox 706 1796 873 1867; x_wconf 89' lang='lat' dir='ltr'>praestare</span> <span class='ocrx_word' id='word_1_91' title='bbox 904 1787 1118 1868; x_wconf 89' lang='lat' dir='ltr'>peccantibus</span> <span class='ocrx_word' id='word_1_92' title='bbox 1148 1788 1205 1868; x_wconf 93' lang='lat' dir='ltr'>qui</span> <span class='ocrx_word' id='word_1_93' title='bbox 1236 1787 1351 1849; x_wconf 86' lang='lat' dir='ltr'>dixisti</span> 
     </span>
     <span class='ocr_line' id='line_1_16' title="bbox 156 1871 1354 1955; baseline 0 -21"><span class='ocrx_word' id='word_1_94' title='bbox 156 1873 398 1955; x_wconf 89' lang='lat' dir='ltr'>poenitentiam</span> <span class='ocrx_word' id='word_1_95' title='bbox 415 1882 448 1935; x_wconf 88' lang='lat' dir='ltr'>te</span> <span class='ocrx_word' id='word_1_96' title='bbox 465 1871 562 1935; x_wconf 86' lang='lat' dir='ltr'>malle</span> <span class='ocrx_word' id='word_1_97' title='bbox 578 1881 788 1952; x_wconf 89' lang='lat' dir='ltr'>peccatorum</span> <span class='ocrx_word' id='word_1_98' title='bbox 802 1893 901 1954; x_wconf 92' lang='lat' dir='ltr'>quam</span> <span class='ocrx_word' id='word_1_99' title='bbox 920 1882 1067 1934; x_wconf 86' lang='lat' dir='ltr'>mortem.</span> <span class='ocrx_word' id='word_1_100' title='bbox 1107 1872 1262 1937; x_wconf 89' lang='lat' dir='ltr'>Concede</span> <span class='ocrx_word' id='word_1_101' title='bbox 1274 1894 1354 1955; x_wconf 88' lang='lat' dir='ltr'>ergo</span> 
     </span>
    </p>
   </div>
   <div class='ocr_carea' id='block_1_8' title="bbox 155 1958 1354 2196">
    <p class='ocr_par' dir='ltr' id='par_1_8' title="bbox 155 1958 1354 2196">
     <span class='ocr_line' id='line_1_17' title="bbox 156 1958 1354 2040; baseline -0.002 -17"><span class='ocrx_word' id='word_1_102' title='bbox 156 1959 294 2023; x_wconf 93' lang='lat' dir='ltr'>domine</span> <span class='ocrx_word' id='word_1_103' title='bbox 317 1958 379 2021; x_wconf 93' lang='lat' dir='ltr'>hoc</span> <span class='ocrx_word' id='word_1_104' title='bbox 396 1969 431 2021; x_wconf 91' lang='lat' dir='ltr'>ut</span> <span class='ocrx_word' id='word_1_105' title='bbox 456 1960 515 2021; x_wconf 87' lang='lat' dir='ltr'>tibi</span> <span class='ocrx_word' id='word_1_106' title='bbox 538 1960 763 2040; x_wconf 90' lang='lat' dir='ltr'>poenitentiae</span> <span class='ocrx_word' id='word_1_107' title='bbox 786 1960 946 2021; x_wconf 86' lang='lat' dir='ltr'>excubias</span> <span class='ocrx_word' id='word_1_108' title='bbox 973 1960 1122 2023; x_wconf 92' lang='lat' dir='ltr'>celebret.</span> <span class='ocrx_word' id='word_1_109' title='bbox 1140 1972 1171 2022; x_wconf 92' lang='lat' dir='ltr'>et</span> <span class='ocrx_word' id='word_1_110' title='bbox 1199 1962 1354 2023; x_wconf 85' lang='lat' dir='ltr'>correctis</span> 
     </span>
     <span class='ocr_line' id='line_1_18' title="bbox 156 2044 1353 2128; baseline -0.001 -20"><span class='ocrx_word' id='word_1_111' title='bbox 156 2046 287 2108; x_wconf 91' lang='lat' dir='ltr'>actibus</span> <span class='ocrx_word' id='word_1_112' title='bbox 302 2047 370 2107; x_wconf 91' lang='lat' dir='ltr'>suis</span> <span class='ocrx_word' id='word_1_113' title='bbox 385 2044 524 2108; x_wconf 78' lang='lat' dir='ltr'>conferri</span> <span class='ocrx_word' id='word_1_114' title='bbox 541 2046 602 2107; x_wconf 91' lang='lat' dir='ltr'>sibi</span> <span class='ocrx_word' id='word_1_115' title='bbox 626 2067 645 2107; x_wconf 93' lang='lat' dir='ltr'>a</span> <span class='ocrx_word' id='word_1_116' title='bbox 666 2054 699 2108; x_wconf 90' lang='lat' dir='ltr'>te</span> <span class='ocrx_word' id='word_1_117' title='bbox 716 2047 917 2128; x_wconf 89' lang='lat' dir='ltr'>sempiterna</span> <span class='ocrx_word' id='word_1_118' title='bbox 942 2047 1063 2125; x_wconf 89' lang='lat' dir='ltr'>gaudia</span> <span class='ocrx_word' id='word_1_119' title='bbox 1087 2046 1278 2125; x_wconf 77' lang='lat' dir='ltr'>gratuletur.</span> <span class='ocrx_word' id='word_1_120' title='bbox 1296 2068 1353 2128; x_wconf 87' lang='lat' dir='ltr'>per</span> 
     </span>
     <span class='ocr_line' id='line_1_19' title="bbox 155 2132 339 2196; baseline -0.005 0"><span class='ocrx_word' id='word_1_121' title='bbox 155 2132 339 2196; x_wconf 91' lang='lat' dir='ltr'>dominum.</span> 
     </span>
    </p>
   </div>
   <div class='ocr_carea' id='block_1_9' title="bbox 243 2349 1270 2518">
    <p class='ocr_par' dir='ltr' id='par_1_9' title="bbox 243 2349 1270 2518">
     <span class='ocr_line' id='line_1_20' title="bbox 243 2349 1270 2413; baseline 0 0"><span class='ocrx_word' id='word_1_122' title='bbox 243 2349 390 2413; x_wconf 76' lang='lat' dir='ltr'>Onamo</span> <span class='ocrx_word' id='word_1_123' title='bbox 413 2364 463 2412; x_wconf 75' lang='lat' dir='ltr'>sn</span> <span class='ocrx_word' id='word_1_124' title='bbox 488 2351 797 2413; x_wconf 71' lang='lat' dir='ltr'>Reconnannuid</span> <span class='ocrx_word' id='word_1_125' title='bbox 823 2351 1106 2413; x_wconf 70' lang='lat' dir='ltr'>Pounrrex&#39;run.</span> <span class='ocrx_word' id='word_1_126' title='bbox 1155 2353 1270 2413; x_wconf 56' lang='lat' dir='ltr'>Fuluii</span> 
     </span>
     <span class='ocr_line' id='line_1_21' title="bbox 484 2436 1039 2518; baseline -0.004 -18"><span class='ocrx_word' id='word_1_127' title='bbox 484 2436 637 2518; x_wconf 71' lang='lat' dir='ltr'>Qumis</span> <span class='ocrx_word' id='word_1_128' title='bbox 662 2452 701 2499; x_wconf 76' lang='lat' dir='ltr'>ix</span> <span class='ocrx_word' id='word_1_129' title='bbox 728 2438 859 2501; x_wconf 67' lang='lat' dir='ltr'>(lxxxx</span> <span class='ocrx_word' id='word_1_130' title='bbox 883 2437 1039 2499; x_wconf 79' lang='lat' dir='ltr'>Domni.</span> 
     </span>
    </p>
   </div>
   <div class='ocr_carea' id='block_1_10' title="bbox 160 2577 1357 3006">
    <p class='ocr_par' dir='ltr' id='par_1_10' title="bbox 160 2577 1357 3006">
     <span class='ocr_line' id='line_1_22' title="bbox 204 2577 1355 2659; baseline 0 -20"><span class='ocrx_word' id='word_1_131' title='bbox 204 2578 336 2641; x_wconf 84' lang='lat' dir='ltr'>Adesto</span> <span class='ocrx_word' id='word_1_132' title='bbox 352 2578 486 2640; x_wconf 90' lang='lat' dir='ltr'>domine</span> <span class='ocrx_word' id='word_1_133' title='bbox 502 2577 797 2659; x_wconf 88' lang='lat' dir='ltr'>supplicationibus</span> <span class='ocrx_word' id='word_1_134' title='bbox 810 2579 975 2640; x_wconf 88' lang='lat' dir='ltr'>nostriset</span> <span class='ocrx_word' id='word_1_135' title='bbox 994 2599 1045 2640; x_wconf 92' lang='lat' dir='ltr'>me</span> <span class='ocrx_word' id='word_1_136' title='bbox 1058 2580 1113 2659; x_wconf 92' lang='lat' dir='ltr'>qui</span> <span class='ocrx_word' id='word_1_137' title='bbox 1132 2580 1355 2642; x_wconf 86' lang='lat' dir='ltr'>misericordia</span> 
     </span>
     <span class='ocr_line' id='line_1_23' title="bbox 160 2664 1356 2746; baseline 0.001 -20"><span class='ocrx_word' id='word_1_138' title='bbox 160 2666 361 2746; x_wconf 90' lang='lat' dir='ltr'>tuaprimus</span> <span class='ocrx_word' id='word_1_139' title='bbox 386 2665 519 2746; x_wconf 85' lang='lat' dir='ltr'>indigeo</span> <span class='ocrx_word' id='word_1_140' title='bbox 549 2664 729 2727; x_wconf 91' lang='lat' dir='ltr'>elementer</span> <span class='ocrx_word' id='word_1_141' title='bbox 752 2665 883 2726; x_wconf 88' lang='lat' dir='ltr'>exaudi.</span> <span class='ocrx_word' id='word_1_142' title='bbox 907 2675 942 2727; x_wconf 93' lang='lat' dir='ltr'>ut</span> <span class='ocrx_word' id='word_1_143' title='bbox 965 2686 1064 2746; x_wconf 91' lang='lat' dir='ltr'>quem</span> <span class='ocrx_word' id='word_1_144' title='bbox 1097 2686 1162 2726; x_wconf 91' lang='lat' dir='ltr'>non</span> <span class='ocrx_word' id='word_1_145' title='bbox 1196 2666 1356 2728; x_wconf 88' lang='lat' dir='ltr'>electione</span> 
     </span>
     <span class='ocr_line' id='line_1_24' title="bbox 160 2751 1355 2833; baseline -0.001 -20"><span class='ocrx_word' id='word_1_146' title='bbox 160 2751 276 2813; x_wconf 88' lang='lat' dir='ltr'>meriti.</span> <span class='ocrx_word' id='word_1_147' title='bbox 293 2752 350 2814; x_wconf 92' lang='lat' dir='ltr'>sed</span> <span class='ocrx_word' id='word_1_148' title='bbox 362 2753 452 2814; x_wconf 91' lang='lat' dir='ltr'>dono</span> <span class='ocrx_word' id='word_1_149' title='bbox 470 2751 595 2832; x_wconf 88' lang='lat' dir='ltr'>gratiae</span> <span class='ocrx_word' id='word_1_150' title='bbox 611 2761 688 2813; x_wconf 92' lang='lat' dir='ltr'>tuae</span> <span class='ocrx_word' id='word_1_151' title='bbox 704 2752 903 2812; x_wconf 87' lang='lat' dir='ltr'>constituisti</span> <span class='ocrx_word' id='word_1_152' title='bbox 920 2754 1028 2833; x_wconf 89' lang='lat' dir='ltr'>operis</span> <span class='ocrx_word' id='word_1_153' title='bbox 1045 2752 1140 2813; x_wconf 90' lang='lat' dir='ltr'>huius</span> <span class='ocrx_word' id='word_1_154' title='bbox 1161 2754 1355 2815; x_wconf 90' lang='lat' dir='ltr'>ministrum.</span> 
     </span>
     <span class='ocr_line' id='line_1_25' title="bbox 160 2834 1357 2919; baseline -0.002 -20"><span class='ocrx_word' id='word_1_155' title='bbox 160 2837 203 2899; x_wconf 92' lang='lat' dir='ltr'>da</span> <span class='ocrx_word' id='word_1_156' title='bbox 220 2834 375 2899; x_wconf 88' lang='lat' dir='ltr'>fiduciam</span> <span class='ocrx_word' id='word_1_157' title='bbox 392 2839 439 2900; x_wconf 91' lang='lat' dir='ltr'>tui</span> <span class='ocrx_word' id='word_1_158' title='bbox 458 2839 601 2899; x_wconf 91' lang='lat' dir='ltr'>muneris</span> <span class='ocrx_word' id='word_1_159' title='bbox 617 2839 813 2917; x_wconf 88' lang='lat' dir='ltr'>exequendi.</span> <span class='ocrx_word' id='word_1_160' title='bbox 831 2849 863 2899; x_wconf 93' lang='lat' dir='ltr'>et</span> <span class='ocrx_word' id='word_1_161' title='bbox 887 2838 957 2919; x_wconf 90' lang='lat' dir='ltr'>ipse</span> <span class='ocrx_word' id='word_1_162' title='bbox 982 2839 1013 2899; x_wconf 90' lang='lat' dir='ltr'>in</span> <span class='ocrx_word' id='word_1_163' title='bbox 1037 2848 1149 2901; x_wconf 86' lang='lat' dir='ltr'>nostro</span> <span class='ocrx_word' id='word_1_164' title='bbox 1175 2839 1357 2902; x_wconf 83' lang='lat' dir='ltr'>ministerio</span> 
     </span>
     <span class='ocr_line' id='line_1_26' title="bbox 160 2924 1009 3006; baseline 0 -20"><span class='ocrx_word' id='word_1_165' title='bbox 160 2924 251 3005; x_wconf 90' lang='lat' dir='ltr'>quod</span> <span class='ocrx_word' id='word_1_166' title='bbox 277 2935 354 2986; x_wconf 89' lang='lat' dir='ltr'>tuae</span> <span class='ocrx_word' id='word_1_167' title='bbox 379 2924 512 3005; x_wconf 90' lang='lat' dir='ltr'>pietatis</span> <span class='ocrx_word' id='word_1_168' title='bbox 528 2934 578 2985; x_wconf 89' lang='lat' dir='ltr'>est</span> <span class='ocrx_word' id='word_1_169' title='bbox 594 2944 737 3006; x_wconf 88' lang='lat' dir='ltr'>operare.</span> <span class='ocrx_word' id='word_1_170' title='bbox 755 2944 813 3005; x_wconf 88' lang='lat' dir='ltr'>per</span> <span class='ocrx_word' id='word_1_171' title='bbox 828 2924 1009 2986; x_wconf 89' lang='lat' dir='ltr'>dominum.</span> 
     </span>
    </p>
   </div>
   <div class='ocr_carea' id='block_1_11' title="bbox 712 3061 801 3123">
    <p class='ocr_par' dir='ltr' id='par_1_11' title="bbox 712 3061 801 3123">
     <span class='ocr_line' id='line_1_27' title="bbox 712 3061 801 3123; baseline 0 -1"><span class='ocrx_word' id='word_1_172' title='bbox 712 3061 801 3123; x_wconf 76' lang='lat' dir='ltr'>Alia.</span> 
     </span>
    </p>
   </div>
   <div class='ocr_carea' id='block_1_12' title="bbox 161 3172 1357 3513">
    <p class='ocr_par' dir='ltr' id='par_1_12' title="bbox 161 3172 1357 3513">
     <span class='ocr_line' id='line_1_28' title="bbox 207 3172 1357 3254; baseline -0.001 -20"><span class='ocrx_word' id='word_1_173' title='bbox 207 3173 340 3234; x_wconf 91' lang='lat' dir='ltr'>Praesta</span> <span class='ocrx_word' id='word_1_174' title='bbox 366 3192 546 3253; x_wconf 86' lang='lat' dir='ltr'>quesumus</span> <span class='ocrx_word' id='word_1_175' title='bbox 572 3172 707 3233; x_wconf 91' lang='lat' dir='ltr'>domine</span> <span class='ocrx_word' id='word_1_176' title='bbox 738 3172 813 3234; x_wconf 92' lang='lat' dir='ltr'>huic</span> <span class='ocrx_word' id='word_1_177' title='bbox 839 3172 963 3233; x_wconf 86' lang='lat' dir='ltr'>famulo</span> <span class='ocrx_word' id='word_1_178' title='bbox 991 3183 1048 3234; x_wconf 91' lang='lat' dir='ltr'>tuo</span> <span class='ocrx_word' id='word_1_179' title='bbox 1075 3172 1213 3250; x_wconf 84' lang='lat' dir='ltr'>dignum</span> <span class='ocrx_word' id='word_1_180' title='bbox 1245 3174 1357 3254; x_wconf 87' lang='lat' dir='ltr'>poeni-</span> 
     </span>
     <span class='ocr_line' id='line_1_29' title="bbox 161 3256 1356 3343; baseline 0 -22"><span class='ocrx_word' id='word_1_181' title='bbox 161 3259 300 3341; x_wconf 69' lang='lat' dir='ltr'>[tentiae</span> <span class='ocrx_word' id='word_1_182' title='bbox 335 3259 485 3321; x_wconf 79' lang='lat' dir='ltr'>fructum.</span> <span class='ocrx_word' id='word_1_183' title='bbox 517 3270 552 3321; x_wconf 91' lang='lat' dir='ltr'>ut</span> <span class='ocrx_word' id='word_1_184' title='bbox 580 3259 757 3321; x_wconf 89' lang='lat' dir='ltr'>aecclesiae</span> <span class='ocrx_word' id='word_1_185' title='bbox 784 3269 861 3320; x_wconf 90' lang='lat' dir='ltr'>tuae</span> <span class='ocrx_word' id='word_1_186' title='bbox 884 3268 1019 3321; x_wconf 88' lang='lat' dir='ltr'>sanctae</span> <span class='ocrx_word' id='word_1_187' title='bbox 1043 3281 1062 3320; x_wconf 88' lang='lat' dir='ltr'>a</span> <span class='ocrx_word' id='word_1_188' title='bbox 1085 3260 1176 3320; x_wconf 92' lang='lat' dir='ltr'>cuius</span> <span class='ocrx_word' id='word_1_189' title='bbox 1201 3256 1257 3343; x_wconf 84' lang='lat' dir='ltr'>[lo.</span> <span class='ocrx_word' id='word_1_190' title='bbox 1289 3260 1356 3339; x_wconf 80' lang='lat'>196.</span> 
     </span>
     <span class='ocr_line' id='line_1_30' title="bbox 161 3345 1357 3427; baseline -0.001 -20"><span class='ocrx_word' id='word_1_191' title='bbox 161 3346 350 3426; x_wconf 87' lang='lat' dir='ltr'>integritate</span> <span class='ocrx_word' id='word_1_192' title='bbox 373 3346 522 3407; x_wconf 89' lang='lat' dir='ltr'>deuiarat</span> <span class='ocrx_word' id='word_1_193' title='bbox 556 3346 732 3427; x_wconf 88' lang='lat' dir='ltr'>peccando</span> <span class='ocrx_word' id='word_1_194' title='bbox 764 3346 984 3407; x_wconf 86' lang='lat' dir='ltr'>admissorum</span> <span class='ocrx_word' id='word_1_195' title='bbox 1016 3345 1172 3408; x_wconf 89' lang='lat' dir='ltr'>reddatur</span> <span class='ocrx_word' id='word_1_196' title='bbox 1203 3347 1357 3407; x_wconf 90' lang='lat' dir='ltr'>innoxius</span> 
     </span>
     <span class='ocr_line' id='line_1_31' title="bbox 163 3433 636 3513; baseline -0.002 -19"><span class='ocrx_word' id='word_1_197' title='bbox 163 3433 294 3494; x_wconf 91' lang='lat' dir='ltr'>ueniam</span> <span class='ocrx_word' id='word_1_198' title='bbox 311 3433 553 3512; x_wconf 85' lang='lat' dir='ltr'>consequendo</span> <span class='ocrx_word' id='word_1_199' title='bbox 571 3451 636 3513; x_wconf 87' lang='lat' dir='ltr'>per.</span> 
     </span>
    </p>
   </div>
   <div class='ocr_carea' id='block_1_13' title="bbox 718 3548 807 3608">
    <p class='ocr_par' dir='ltr' id='par_1_13' title="bbox 718 3548 807 3608">
     <span class='ocr_line' id='line_1_32' title="bbox 718 3548 807 3608; baseline 0 0"><span class='ocrx_word' id='word_1_200' title='bbox 718 3548 807 3608; x_wconf 59' lang='lat' dir='ltr'>fllia.</span> 
     </span>
    </p>
   </div>
   <div class='ocr_carea' id='block_1_14' title="bbox 162 3659 1360 4435">
    <p class='ocr_par' dir='ltr' id='par_1_14' title="bbox 162 3659 1360 4435">
     <span class='ocr_line' id='line_1_33' title="bbox 207 3659 1358 3740; baseline 0.002 -19"><span class='ocrx_word' id='word_1_201' title='bbox 207 3659 299 3721; x_wconf 89' lang='lat' dir='ltr'>Deus</span> <span class='ocrx_word' id='word_1_202' title='bbox 329 3659 465 3721; x_wconf 92' lang='lat' dir='ltr'>humani</span> <span class='ocrx_word' id='word_1_203' title='bbox 496 3661 624 3740; x_wconf 88' lang='lat' dir='ltr'>generis</span> <span class='ocrx_word' id='word_1_204' title='bbox 654 3660 889 3739; x_wconf 85' lang='lat' dir='ltr'>benignissime</span> <span class='ocrx_word' id='word_1_205' title='bbox 920 3663 1078 3723; x_wconf 89' lang='lat' dir='ltr'>conditor.</span> <span class='ocrx_word' id='word_1_206' title='bbox 1114 3673 1146 3722; x_wconf 87' lang='lat' dir='ltr'>et</span> <span class='ocrx_word' id='word_1_207' title='bbox 1179 3663 1358 3723; x_wconf 88' lang='lat' dir='ltr'>misericor-</span> 
     </span>
     <span class='ocr_line' id='line_1_34' title="bbox 162 3744 1359 3826; baseline 0.001 -17"><span class='ocrx_word' id='word_1_208' title='bbox 162 3746 299 3809; x_wconf 91' lang='lat' dir='ltr'>dissime</span> <span class='ocrx_word' id='word_1_209' title='bbox 322 3744 522 3809; x_wconf 87' lang='lat' dir='ltr'>resormator.</span> <span class='ocrx_word' id='word_1_210' title='bbox 545 3747 601 3826; x_wconf 92' lang='lat' dir='ltr'>qui</span> <span class='ocrx_word' id='word_1_211' title='bbox 624 3746 793 3808; x_wconf 91' lang='lat' dir='ltr'>hominem</span> <span class='ocrx_word' id='word_1_212' title='bbox 818 3747 941 3808; x_wconf 91' lang='lat' dir='ltr'>inuidia</span> <span class='ocrx_word' id='word_1_213' title='bbox 964 3748 1087 3809; x_wconf 90' lang='lat' dir='ltr'>diaboli</span> <span class='ocrx_word' id='word_1_214' title='bbox 1104 3750 1147 3809; x_wconf 86' lang='lat' dir='ltr'>ab</span> <span class='ocrx_word' id='word_1_215' title='bbox 1164 3750 1359 3810; x_wconf 87' lang='lat' dir='ltr'>aeternitate</span> 
     </span>
     <span class='ocr_line' id='line_1_35' title="bbox 162 3831 1357 3914; baseline 0.002 -20"><span class='ocrx_word' id='word_1_216' title='bbox 162 3834 335 3895; x_wconf 88' lang='lat' dir='ltr'>deiectum.</span> <span class='ocrx_word' id='word_1_217' title='bbox 355 3833 440 3894; x_wconf 92' lang='lat' dir='ltr'>unici</span> <span class='ocrx_word' id='word_1_218' title='bbox 458 3831 514 3894; x_wconf 89' lang='lat' dir='ltr'>filii</span> <span class='ocrx_word' id='word_1_219' title='bbox 531 3833 578 3895; x_wconf 91' lang='lat' dir='ltr'>tui</span> <span class='ocrx_word' id='word_1_220' title='bbox 589 3833 749 3914; x_wconf 89' lang='lat' dir='ltr'>sanguine</span> <span class='ocrx_word' id='word_1_221' title='bbox 766 3834 941 3896; x_wconf 89' lang='lat' dir='ltr'>redemisti.</span> <span class='ocrx_word' id='word_1_222' title='bbox 954 3832 1084 3896; x_wconf 89' lang='lat' dir='ltr'>uiuifica</span> <span class='ocrx_word' id='word_1_223' title='bbox 1096 3835 1182 3896; x_wconf 91' lang='lat' dir='ltr'>hunc</span> <span class='ocrx_word' id='word_1_224' title='bbox 1197 3834 1357 3897; x_wconf 84' lang='lat' dir='ltr'>famulum</span> 
     </span>
     <span class='ocr_line' id='line_1_36' title="bbox 163 3919 1359 4002; baseline 0.003 -21"><span class='ocrx_word' id='word_1_225' title='bbox 163 3929 256 3982; x_wconf 92' lang='lat' dir='ltr'>tuum</span> <span class='ocrx_word' id='word_1_226' title='bbox 281 3938 381 3999; x_wconf 91' lang='lat' dir='ltr'>quem</span> <span class='ocrx_word' id='word_1_227' title='bbox 404 3919 592 3981; x_wconf 90' lang='lat' dir='ltr'>nullatenus</span> <span class='ocrx_word' id='word_1_228' title='bbox 617 3920 698 3981; x_wconf 90' lang='lat' dir='ltr'>mori</span> <span class='ocrx_word' id='word_1_229' title='bbox 722 3919 898 3982; x_wconf 88' lang='lat' dir='ltr'>desideras.</span> <span class='ocrx_word' id='word_1_230' title='bbox 922 3930 955 3981; x_wconf 95' lang='lat' dir='ltr'>et</span> <span class='ocrx_word' id='word_1_231' title='bbox 981 3922 1036 4001; x_wconf 91' lang='lat' dir='ltr'>qui</span> <span class='ocrx_word' id='word_1_232' title='bbox 1065 3941 1130 3983; x_wconf 93' lang='lat' dir='ltr'>non</span> <span class='ocrx_word' id='word_1_233' title='bbox 1159 3920 1359 4002; x_wconf 89' lang='lat' dir='ltr'>derelinquis</span> 
     </span>
     <span class='ocr_line' id='line_1_37' title="bbox 162 4006 1359 4089; baseline 0 -22"><span class='ocrx_word' id='word_1_234' title='bbox 162 4006 297 4067; x_wconf 90' lang='lat' dir='ltr'>deuium</span> <span class='ocrx_word' id='word_1_235' title='bbox 315 4025 446 4067; x_wconf 91' lang='lat' dir='ltr'>assume</span> <span class='ocrx_word' id='word_1_236' title='bbox 467 4014 657 4068; x_wconf 90' lang='lat' dir='ltr'>correctum.</span> <span class='ocrx_word' id='word_1_237' title='bbox 705 4006 865 4068; x_wconf 89' lang='lat' dir='ltr'>Moueant</span> <span class='ocrx_word' id='word_1_238' title='bbox 889 4007 1047 4087; x_wconf 90' lang='lat' dir='ltr'>pietatem</span> <span class='ocrx_word' id='word_1_239' title='bbox 1064 4017 1155 4069; x_wconf 90' lang='lat' dir='ltr'>tuam</span> <span class='ocrx_word' id='word_1_240' title='bbox 1180 4027 1359 4089; x_wconf 89' lang='lat' dir='ltr'>quesumus</span> 
     </span>
     <span class='ocr_line' id='line_1_38' title="bbox 162 4090 1359 4174; baseline 0.001 -19"><span class='ocrx_word' id='word_1_241' title='bbox 162 4092 298 4155; x_wconf 93' lang='lat' dir='ltr'>domine</span> <span class='ocrx_word' id='word_1_242' title='bbox 320 4092 416 4153; x_wconf 92' lang='lat' dir='ltr'>huius</span> <span class='ocrx_word' id='word_1_243' title='bbox 440 4090 553 4153; x_wconf 81' lang='lat' dir='ltr'>famuli</span> <span class='ocrx_word' id='word_1_244' title='bbox 581 4093 628 4153; x_wconf 90' lang='lat' dir='ltr'>tui</span> <span class='ocrx_word' id='word_1_245' title='bbox 654 4091 828 4154; x_wconf 91' lang='lat' dir='ltr'>lacrimosa</span> <span class='ocrx_word' id='word_1_246' title='bbox 853 4094 1000 4174; x_wconf 91' lang='lat' dir='ltr'>suspiria.</span> <span class='ocrx_word' id='word_1_247' title='bbox 1047 4093 1099 4155; x_wconf 89' lang='lat' dir='ltr'>Tu</span> <span class='ocrx_word' id='word_1_248' title='bbox 1130 4094 1199 4157; x_wconf 87' lang='lat' dir='ltr'>eius</span> <span class='ocrx_word' id='word_1_249' title='bbox 1227 4095 1359 4156; x_wconf 89' lang='lat' dir='ltr'>medere</span> 
     </span>
     <span class='ocr_line' id='line_1_39' title="bbox 163 4178 1360 4260; baseline 0.002 -20"><span class='ocrx_word' id='word_1_250' title='bbox 163 4178 361 4241; x_wconf 85' lang='lat' dir='ltr'>uulneribus.</span> <span class='ocrx_word' id='word_1_251' title='bbox 407 4179 459 4240; x_wconf 94' lang='lat' dir='ltr'>Tu</span> <span class='ocrx_word' id='word_1_252' title='bbox 486 4179 605 4240; x_wconf 90' lang='lat' dir='ltr'>iacenti</span> <span class='ocrx_word' id='word_1_253' title='bbox 634 4199 769 4241; x_wconf 90' lang='lat' dir='ltr'>manum</span> <span class='ocrx_word' id='word_1_254' title='bbox 795 4181 926 4260; x_wconf 86' lang='lat' dir='ltr'>porrige</span> <span class='ocrx_word' id='word_1_255' title='bbox 948 4181 1134 4243; x_wconf 86' lang='lat' dir='ltr'>salutarem.</span> <span class='ocrx_word' id='word_1_256' title='bbox 1159 4201 1200 4241; x_wconf 86' lang='lat' dir='ltr'>ne</span> <span class='ocrx_word' id='word_1_257' title='bbox 1221 4181 1360 4257; x_wconf 81' lang='lat' dir='ltr'>ecclesia</span> 
     </span>
     <span class='ocr_line' id='line_1_40' title="bbox 163 4264 1358 4348; baseline 0.002 -21"><span class='ocrx_word' id='word_1_258' title='bbox 163 4274 221 4328; x_wconf 87' lang='lat' dir='ltr'>tua</span> <span class='ocrx_word' id='word_1_259' title='bbox 236 4264 348 4346; x_wconf 92' lang='lat' dir='ltr'>aliqua</span> <span class='ocrx_word' id='word_1_260' title='bbox 372 4265 421 4326; x_wconf 92' lang='lat' dir='ltr'>sui</span> <span class='ocrx_word' id='word_1_261' title='bbox 448 4265 594 4347; x_wconf 89' lang='lat' dir='ltr'>corporis</span> <span class='ocrx_word' id='word_1_262' title='bbox 618 4266 770 4347; x_wconf 90' lang='lat' dir='ltr'>portione</span> <span class='ocrx_word' id='word_1_263' title='bbox 794 4276 949 4328; x_wconf 89' lang='lat' dir='ltr'>uastetur.</span> <span class='ocrx_word' id='word_1_264' title='bbox 1000 4268 1047 4329; x_wconf 76' lang='lat' dir='ltr'>Ne</span> <span class='ocrx_word' id='word_1_265' title='bbox 1068 4287 1151 4348; x_wconf 88' lang='lat' dir='ltr'>grex</span> <span class='ocrx_word' id='word_1_266' title='bbox 1168 4277 1243 4329; x_wconf 90' lang='lat' dir='ltr'>tuus</span> <span class='ocrx_word' id='word_1_267' title='bbox 1260 4268 1358 4331; x_wconf 89' lang='lat' dir='ltr'>detri-</span> 
     </span>
     <span class='ocr_line' id='line_1_41' title="bbox 165 4352 1358 4435; baseline 0.002 -22"><span class='ocrx_word' id='word_1_268' title='bbox 165 4360 314 4414; x_wconf 92' lang='lat' dir='ltr'>mentum</span> <span class='ocrx_word' id='word_1_269' title='bbox 331 4352 501 4415; x_wconf 88' lang='lat' dir='ltr'>sustineat.</span> <span class='ocrx_word' id='word_1_270' title='bbox 513 4370 554 4414; x_wconf 92' lang='lat' dir='ltr'>ne</span> <span class='ocrx_word' id='word_1_271' title='bbox 573 4352 615 4414; x_wconf 94' lang='lat' dir='ltr'>de</span> <span class='ocrx_word' id='word_1_272' title='bbox 631 4352 775 4414; x_wconf 88' lang='lat' dir='ltr'>familiae</span> <span class='ocrx_word' id='word_1_273' title='bbox 791 4363 867 4414; x_wconf 89' lang='lat' dir='ltr'>tuae</span> <span class='ocrx_word' id='word_1_274' title='bbox 883 4354 1030 4435; x_wconf 90' lang='lat' dir='ltr'>dampno</span> <span class='ocrx_word' id='word_1_275' title='bbox 1055 4354 1206 4416; x_wconf 90' lang='lat' dir='ltr'>inimicus</span> <span class='ocrx_word' id='word_1_276' title='bbox 1221 4354 1358 4418; x_wconf 93' lang='lat' dir='ltr'>exultet.</span> 
     </span>
    </p>
   </div>
   <div class='ocr_carea' id='block_1_15' title="bbox 409 4510 1121 4580">
    <p class='ocr_par' dir='ltr' id='par_1_15' title="bbox 409 4510 1121 4580">
     <span class='ocr_line' id='line_1_42' title="bbox 409 4510 1121 4580; baseline -0.001 -16"><span class='ocrx_word' id='word_1_277' title='bbox 409 4510 417 4543; x_wconf 91' lang='lat'>¹</span> <span class='ocrx_word' id='word_1_278' title='bbox 435 4516 470 4564; x_wconf 82' lang='lat' dir='ltr'>So</span> <span class='ocrx_word' id='word_1_279' title='bbox 482 4514 539 4565; x_wconf 79' lang='lat' dir='ltr'>MS.</span> <span class='ocrx_word' id='word_1_280' title='bbox 554 4516 676 4580; x_wconf 80' lang='lat' dir='ltr'>probably</span> <span class='ocrx_word' id='word_1_281' title='bbox 687 4516 720 4579; x_wconf 88' lang='lat' dir='ltr'>by</span> <span class='ocrx_word' id='word_1_282' title='bbox 732 4532 763 4565; x_wconf 85' lang='lat' dir='ltr'>an</span> <span class='ocrx_word' id='word_1_283' title='bbox 775 4531 842 4564; x_wconf 87' lang='lat' dir='ltr'>error</span> <span class='ocrx_word' id='word_1_284' title='bbox 855 4515 892 4563; x_wconf 82' lang='lat' dir='ltr'>lor</span> <span class='ocrx_word' id='word_1_285' title='bbox 903 4516 1121 4565; x_wconf 80' lang='lat' dir='ltr'>reconciliandum.</span> 
     </span>
    </p>
   </div>
   <div class='ocr_carea' id='block_1_16' title="bbox 0 0 1536 5092">
    <p class='ocr_par' dir='ltr' id='par_1_16' title="bbox 0 0 1536 5092">
     <span class='ocr_line' id='line_1_43' title="bbox 0 0 1536 5092; baseline 0 0"><span class='ocrx_word' id='word_1_286' title='bbox 0 0 1536 5092; x_wconf 95' lang='lat' dir='ltr'> </span> 
     </span>
    </p>
   </div>
  </div>
 </body>
</html>
