3046 5092
434 337 490 386 DE
516 336 693 387 COMPUTO
717 335 1016 386 ECCLESIASTICO.
1297 343 1327 396 37

124 489 265 553 habebis
282 488 368 552 xlma.
385 490 461 553 etsi
479 491 511 552 in
529 490 550 551 ii
567 489 610 552 id.
626 489 739 571 aprilis
755 488 909 552 habueris
932 489 1057 571 pascha
1079 489 1112 550 in
1137 486 1200 550 kal.
1218 487 1327 549 martii

124 576 265 639 habebis
281 575 394 639 xlmam.

171 663 324 746 Quantos
351 662 422 725 dies
449 673 526 725 ante
552 661 616 726 kal.
641 661 753 743 aprilis
777 661 901 724 habeas
927 662 1057 743 pascha.
1083 662 1186 725 tantis
1209 661 1326 724 diebus

122 760 205 813 ante
230 771 304 813 non.
322 750 389 812 mai
416 749 555 812 habebis
571 749 769 831 rogationes.
816 749 862 811 Et
885 750 912 811 si
929 751 962 811 in
979 749 1043 812 kal.
1060 749 1173 830 aprilis
1200 746 1325 810 habeas

126 837 260 921 pascha.
278 838 310 898 in
328 856 403 899 non,
421 837 487 899 mai
504 836 643 898 habebis
660 837 857 918 rogationes

170 923 314 1006 Quantis
337 923 453 987 diebus
478 932 554 1005 post
578 922 641 984 kal.
659 922 778 1003 aprelis
804 922 928 986 habeas
953 923 1077 1005 pascha
1092 922 1194 985 tantis
1210 921 1327 985 diebus

123 1021 203 1094 post
218 1031 292 1073 non.
310 1011 376 1072 mai
392 1009 530 1072 habebis
546 1009 742 1091 rogationes.

171 1099 344 1162 Statutum
368 1097 557 1159 inuenimus
573 1098 605 1158 in
622 1096 763 1158 concilio
787 1115 1009 1158 romanorum.
1032 1104 1069 1158 ut
1096 1116 1156 1157 nec
1179 1105 1256 1158 ante
1280 1094 1325 1156 xi.

123 1184 190 1247 kal.
207 1184 319 1267 aprilis
335 1203 396 1245 nec
413 1194 489 1266 post
504 1184 557 1246 vii.
573 1182 636 1245 kal.
655 1185 720 1245 mai
737 1184 861 1265 pascha
876 1202 943 1245 non
959 1182 1081 1245 debeat
1097 1181 1174 1245 fieri.

287 1318 433 1382 ¹Octone
446 1320 562 1382 martis

299 1406 419 1468 Ternis
434 1405 540 1470 februi

301 1493 407 1556 Senas
424 1495 538 1555 martis

301 1580 463 1644 Undenas
479 1581 594 1642 martis·

302 1665 398 1731 Senis
414 1666 519 1730 februi

299 1753 409 1815 Terne
426 1754 540 1816 martis

300 1839 408 1922 Quart
422 1841 510 1904 dene
525 1840 639 1902 martis

301 1927 418 1991 Nonas
434 1927 549 1989 martis

303 2012 408 2077 Sexte
430 2016 546 2076 martis

304 2099 418 2162 ldibus
434 2099 539 2163 lebrui

301 2185 491 2268 Quartanas
507 2188 622 2250 martis

301 2273 417 2336 Nonas
433 2273 594 2337 kalendas

301 2359 469 2442 Quattuor
484 2361 558 2424 idus

303 2446 476 2510 Kalendas
493 2447 608 2510 martis

302 2534 486 2596 Duodenas
501 2535 617 2596 martis

302 2620 457 2702 Septenis
474 2620 578 2683 februi

302 2706 475 2789 Quartane
490 2707 633 2770 kalende

285 2793 480 2880 [Quindene
497 2795 611 2857 martis

301 2880 409 2944 Pridie
430 2900 536 2944 nonas

824 1319 966 1381 kalende
981 1320 1127 1400 quinque

827 1405 941 1468 Idibus
957 1407 1045 1467 assin

822 1492 921 1554 Nona
937 1493 970 1554 in
986 1493 1073 1554 senis

821 1579 981 1641 kalendas
999 1579 1084 1641 binis

819 1666 934 1729 Idibus
957 1667 1066 1748 quinis

824 1752 967 1815 kalende
983 1752 1087 1815 tribus

823 1839 965 1903 kalende
981 1860 1077 1902 senas

821 1946 898 1989 ecce
913 1936 1091 2008 quaternas

822 2013 964 2076 kalende
979 2023 1108 2095 septem

823 2101 856 2162 in
872 2100 977 2162 tribus
989 2109 1145 2163 constant

819 2187 936 2250 Nonas
952 2188 984 2249 in
1002 2188 1101 2249 assim

822 2275 935 2336 martis
951 2275 984 2335 in
995 2273 1137 2355 quadris.

818 2359 924 2423 februi
940 2370 1068 2442 septem

818 2449 919 2510 etiam
936 2449 1055 2528 quinos

815 2533 976 2596 kalendas
993 2534 1025 2596 in
1043 2553 1109 2596 uno

818 2620 927 2683 idibus
948 2630 1106 2702 quattuor

819 2709 933 2770 martis
949 2707 1078 2770 duabus

823 2793 965 2857 kalende
981 2796 1090 2876 quinis
1200 2792 1256 2876 [fo.
1274 2807 1323 2855 21.

819 2882 934 2945 martis
957 2882 989 2943 in
1007 2881 1110 2944 ternis

168 3017 330 3099 Legimus
346 3017 379 3078 in
402 3016 552 3099 epistolis
576 3037 749 3098 grecorum
768 3018 858 3099 quod
884 3028 960 3100 post
985 3018 1173 3100 passionem
1191 3026 1325 3099 aposto-

123 3106 235 3169 lorum
252 3112 386 3166 sanctus
406 3104 577 3184 pacomius
602 3103 706 3166 abbas
725 3105 757 3166 in
778 3115 905 3188 egypto
920 3125 996 3167 cum
1020 3105 1192 3167 monachis
1208 3106 1275 3167 suis
1291 3105 1324 3166 in

120 3192 276 3256 oratione
303 3189 345 3252 ad
373 3189 547 3252 dominum
573 3201 774 3273 rogauerunt
799 3202 835 3254 ut
859 3191 1051 3254 ostenderet
1081 3192 1128 3254 eis
1152 3193 1324 3272 quomodo

124 3278 252 3362 pascha
276 3276 436 3339 deberent
461 3276 648 3340 caelebrari.
673 3278 718 3340 Et
746 3279 835 3341 misit
862 3278 1019 3341 dominus
1044 3278 1202 3360 angelum
1225 3299 1322 3342 suum

122 3376 157 3430 et
188 3364 320 3445 scripsit
351 3363 393 3426 ad
420 3362 606 3444 praelatum
644 3374 797 3427 sanctum
835 3366 1024 3446 pacomium
1056 3366 1187 3448 cyclum
1219 3385 1323 3428 nono-

119 3451 322 3517 decimalem
339 3450 372 3512 in
385 3470 453 3512 uno
468 3450 663 3531 philacterio
679 3452 740 3514 hoc
758 3451 866 3513 modo.
913 3451 1036 3526 None.†

300 3586 398 3649 None
414 3586 556 3668 apraelis

300 3673 432 3737 Octone
448 3673 590 3737 kalende

302 3759 382 3822 Idus
397 3760 538 3841 apra'elis

301 3845 399 3909 None
417 3858 579 3928 quartane

301 3932 386 3996 Item
403 3934 535 3997 undene

301 4017 468 4100 Quattuor
480 4020 552 4083 idus

299 4106 408 4169 Teme
424 4106 567 4171 kalende

817 3588 950 3651 Norunt
965 3589 1084 3669 quinos

817 3676 905 3738 assin
922 3678 1122 3756 depromunt

812 3763 914 3824 etiam
930 3763 1021 3823 sexis

819 3868 963 3930 namque
975 3849 1136 3931 dipondio

815 3936 967 3998 ambiunt
989 3936 1109 4016 quinos

814 4024 950 4105 capiunt
966 4031 1076 4083 ternos

816 4109 951 4172 titulant
966 4128 1044 4170 sene

151 4382 158 4414 ¹
179 4383 212 4432 In
231 4381 283 4431 this
299 4381 374 4442 table,
393 4381 443 4432 and
461 4382 486 4431 in
504 4383 558 4432 that
576 4382 658 4432 which
676 4382 772 4431 follows
788 4382 807 4433 it
824 4399 857 4431 on
874 4383 906 4432 lo.
928 4397 967 4442 21,
988 4385 1030 4434 the
1057 4384 1199 4434 scribebas
1220 4380 1326 4432 omitted

114 4448 217 4499 certain
236 4447 357 4496 columns.
394 4448 445 4497 For
461 4448 504 4498 the
520 4447 567 4497 lull
582 4447 647 4498 form
663 4448 692 4497 ol
706 4449 749 4497 the
766 4448 854 4508 tables,
872 4464 914 4498 see
932 4450 974 4499 the
992 4450 1089 4500 Leolric
1107 4449 1203 4509 Missal,
1221 4465 1262 4514 pp.
1283 4447 1325 4509 48,

119 4526 162 4575 49·
