3046 5092
511 358 727 409 ORATIONES
752 359 809 409 MA
816 358 1037 411 TUTINALES.
1330 368 1375 424 145

730 508 823 574 Alia.

218 607 403 691 Propitiare
417 608 554 673 domine
577 607 807 690 iniquitatibus
830 609 958 672 nostris.
975 618 1008 672 et
1023 607 1203 671 exorabilis
1219 608 1284 671 tuis
1300 619 1372 671 esto

170 695 388 777 supplicibus.
426 705 462 758 ut
498 715 657 759 concessa
700 696 798 758 uenia
841 715 942 777 quarn
981 715 1175 777 praecamur
1212 705 1373 777 perpetuo

172 781 419 845 misericordiae
435 792 512 845 tuae
528 781 679 866 lmunere
693 782 880 864 gloriemur.
897 803 956 864 per
970 783 1152 845 dominum.
1205 781 1261 864 [lo
1282 799 1371 861 103v.

729 902 820 966 Alia.

218 1004 388 1069 Ecclesiae
415 1014 493 1068 tuae
515 1006 650 1069 domine
675 1025 774 1068 uoces
797 1006 948 1088 placatus
971 1006 1112 1069 admitte
1138 1016 1175 1070 ut
1198 1007 1373 1068 destructis

170 1091 432 1155 aduersitatibus
442 1092 603 1155 uniuersis
619 1113 734 1156 secura
744 1093 804 1157 tibi
815 1093 937 1155 seruiat
950 1093 1109 1156 libertate.
1123 1113 1181 1175 per
1190 1093 1371 1156 dominum.

630 1265 917 1330 Nocrununtns.

219 1375 387 1438 lnlumina
413 1376 548 1440 domine
574 1397 755 1459 quesumus
779 1378 812 1439 in
838 1388 871 1440 te
894 1378 994 1440 corda
1017 1377 1230 1440 credentium.
1255 1385 1291 1439 ut
1314 1386 1372 1437 tuo

168 1480 305 1543 semper
320 1462 511 1527 munimine.
528 1473 561 1527 et
577 1474 635 1528 tuo
650 1464 776 1528 auxilio
792 1474 1015 1546 protegamur.
1031 1483 1089 1546 per
1104 1463 1285 1526 dominum.

729 1585 820 1648 Alia.

220 1684 387 1749 lnlumina
401 1707 583 1768 quesumus
605 1688 740 1751 domine
762 1687 916 1751 tenebras
946 1699 1083 1750 nostras
1100 1696 1133 1750 et
1149 1687 1250 1750 totius
1266 1687 1373 1748 noctis

168 1771 318 1835 insidias.
335 1782 371 1836 tu
388 1773 510 1856 repelle
525 1775 696 1857 propitius.
713 1795 771 1858 per
786 1774 968 1838 dominum.

731 1895 819 1958 Alia.

217 1992 293 2057 Tua
309 2015 369 2058 nos
394 1996 530 2060 domine
554 1999 675 2061 ueritas
700 2018 830 2081 semper
856 1996 1028 2061 illuminet.
1045 2007 1078 2061 et
1094 1995 1136 2060 ab
1152 1997 1244 2060 omni
1267 1996 1375 2078 praui-

167 2089 244 2145 tate
259 2081 426 2146 defendat
444 2104 503 2166 per
517 2083 699 2148 dominum.

731 2204 822 2268 Alia.

219 2303 313 2367 Deus
342 2307 398 2388 qui
428 2307 518 2371 diem
549 2309 707 2372 discernis
737 2329 757 2370 a
788 2317 893 2372 nocte.
923 2318 1017 2371 actus
1047 2327 1179 2389 quoque
1203 2316 1372 2370 nostrosa

166 2391 385 2456 tenebrarum
418 2393 585 2476 distingue
622 2394 770 2477 caligine.
801 2404 838 2457 ut
867 2414 999 2477 semper
1035 2414 1121 2477 quae
1151 2404 1266 2456 sancta
1296 2403 1373 2456 sunt

168 2478 385 2543 meditantes.
402 2480 434 2542 in
451 2490 509 2544 tua
524 2482 643 2563 iugiter
658 2481 732 2545 luce
747 2482 906 2545 uiuamus.
923 2502 983 2564 per
997 2481 1179 2545 dominum.

731 2601 822 2665 Alia.

220 2696 312 2760 Deus
339 2700 395 2780 qui
422 2700 598 2780 uigilantes
623 2702 655 2763 in
682 2700 834 2764 laudibus
861 2701 926 2765 tuis
949 2700 1082 2764 caelesti
1100 2700 1251 2763 mercede
1267 2719 1373 2762 remu-

167 2802 280 2846 neras.
306 2786 461 2848 tenebras
491 2789 533 2851 de
555 2788 710 2851 cordibus
740 2787 867 2851 auferre
896 2788 1050 2869 digneris.
1082 2797 1118 2850 ut
1141 2788 1174 2848 in
1197 2787 1372 2868 splendore

167 2870 309 2934 luminis
325 2873 372 2935 tui
388 2893 519 2955 semper
533 2874 747 2956 gaudeamus,
764 2894 823 2957 per
838 2874 1021 2938 dominum.

730 2994 821 3057 Alia.

220 3093 350 3158 Adesto
364 3095 500 3159 domine
515 3097 687 3179 praecibus
703 3098 832 3161 nostris.
849 3107 882 3161 et
897 3098 952 3160 die
967 3105 1132 3178 noctuque
1149 3116 1209 3158 nos
1226 3107 1371 3178 protege.

164 3190 208 3245 ut
248 3181 450 3262 quibuslibet
488 3181 762 3248 alternationibus
792 3195 988 3267 temporum.
1014 3194 1072 3246 tua
1094 3203 1225 3266 semper
1247 3183 1371 3247 incom-

165 3267 399 3332 mutabilitate
414 3267 589 3334 firmemur.
606 3290 664 3354 per
678 3271 860 3335 dominum.
1161 3266 1163 3271 ’

633 3438 918 3503 ΜΑτυτιΝΑιΕε.

217 3544 389 3608 Matutina
403 3549 590 3630 supplicum
606 3559 686 3613 uota
702 3550 836 3613 domine
864 3549 1025 3631 propitius
1043 3549 1175 3610 intuere.
1192 3558 1226 3610 et
1242 3548 1370 3610 occulta

162 3631 283 3697 cordis
308 3634 411 3696 nostri
439 3636 585 3698 remedio
610 3645 686 3698 tuae
710 3634 852 3698 clarifica
878 3635 1016 3718 pietatis.
1034 3643 1070 3697 ut
1096 3634 1259 3697 desideria
1282 3645 1372 3697 tene-

162 3720 273 3783 brosa
289 3738 354 3781 non
371 3728 515 3785 teneant.
531 3742 615 3804 quos
631 3723 691 3785 lux
707 3723 858 3786 caelestis
873 3723 999 3804 gratiae
1015 3721 1188 3802 reparauit.
1205 3741 1270 3802 per.

729 3842 820 3906 Alia.

212 3938 362 4024 [Emitte
376 3962 557 4024 quesumus
572 3945 707 4009 domine
732 3945 839 4010 lucem
864 3957 956 4010 tuam
980 3945 1013 4006 in
1039 3942 1193 4008 cordibus
1217 3943 1273 4026 [fo.
1301 3960 1369 4022 104

158 4026 303 4093 nostris.
320 4037 356 4091 ut
372 4030 605 4094 mandatorum
628 4042 760 4096 tuorum
789 4032 861 4116 lege
883 4041 1046 4114 percepta
1064 4031 1096 4092 in
1113 4031 1166 4093 uia
1182 4040 1239 4094 tua
1255 4031 1371 4093 ambu-

157 4116 292 4180 lantes.
307 4114 387 4177 nihil
403 4118 569 4198 patiamur
583 4120 709 4183 erroris.
724 4139 790 4203 per.

725 4238 818 4304 Altis.

212 4335 433 4420 Exurgentes
448 4339 491 4402 de
509 4340 673 4415 cubilibus
688 4342 809 4406 nostris
833 4341 995 4406 auxilium
1020 4341 1146 4424 gratiae
1169 4349 1246 4404 tuae
1263 4351 1368 4404 matu·

154 4423 253 4491 tinis
267 4423 403 4488 domine
418 4427 590 4509 praecibus
601 4428 825 4512 imploramus.
835 4440 872 4494 ut
883 4428 1040 4493 discussis
1051 4426 1196 4492 tenebris
1212 4426 1367 4491 uitiorum

155 4507 346 4577 ambulare
360 4530 545 4577 mereamur
559 4514 593 4578 in
609 4514 681 4579 luce
696 4516 865 4582 uirtutum.
882 4535 948 4599 per.

210 4599 411 4677 Jusntcns.
1219 4615 1241 4663 L
