3046 5092
419 332 496 383 XVI.
523 333 609 384 KAL.
637 333 740 385 SEPT.
772 334 849 392 ocr.
877 334 905 384 S.
932 332 1154 387 LAURENTII.
1343 342 1391 380 aot

745 498 836 563 Alia.

233 608 450 673 Famulorum
466 611 600 674 tuorum
616 610 752 675 domine
767 611 896 674 delictis
912 612 1054 694 ignosce.
1071 619 1108 674 ut
1130 610 1187 692 qui
1203 608 1332 691 placere
1347 607 1390 671 de

187 697 317 759 actibus
334 698 454 759 nostris
470 717 536 759 non
553 697 703 760 ualemus
726 699 901 780 genetricis
920 697 978 761 filii
1001 700 1048 761 tui
1072 697 1200 761 domini
1215 697 1268 760 dei
1285 694 1391 758 nostri

188 782 423 847 intercessione
437 784 612 848 saluemur.
629 805 688 866 per
702 786 854 848 eundem.

724 912 860 976 Secreta.

232 1022 417 1088 Subueniat
433 1025 568 1087 domine
583 1025 671 1107 plebi
688 1034 766 1088 tuae
790 1026 843 1088 dei
871 1026 1046 1106 genetricis
1069 1024 1182 1087 oratio
1207 1043 1307 1105 quam
1326 1022 1390 1084 etsi

187 1129 247 1192 pro
271 1112 462 1174 conditione
491 1113 598 1175 carnis
622 1113 781 1193 migrasse
807 1113 1047 1194 cognoscimus,
1071 1112 1103 1174 in
1128 1110 1260 1175 caelesti
1284 1109 1391 1192 gloria

187 1198 276 1278 apud
293 1208 327 1261 te
342 1218 403 1280 pro
418 1198 514 1262 nobis
529 1218 622 1261 orare
637 1200 828 1263 sentiamus.
844 1220 903 1281 per
917 1200 1068 1262 eundem.

698 1318 879 1400 Praefatio.

231 1421 281 1484 (D
319 1431 453 1483 aeterne
483 1421 576 1484 deus.
622 1423 667 1485 Et
691 1433 724 1484 te
746 1423 779 1484 in
802 1422 1015 1485 ueneratione
1030 1440 1196 1483 sacrarum
1222 1420 1388 1500 uirginum

186 1508 417 1571 exultantibus
433 1509 560 1572 animis.
578 1508 713 1572 laudare
725 1510 920 1572 benedicere
944 1519 977 1571 et
990 1508 1187 1590 praedicare.
1205 1508 1290 1569 inter
1304 1526 1390 1587 quas

187 1594 384 1657 intemerata
413 1596 467 1657 dei
498 1597 642 1676 genitrix
667 1597 761 1677 uirgo
784 1597 894 1658 maria.
918 1597 1010 1658 cuius
1037 1594 1274 1675 assumptionis
1296 1593 1386 1655 diem

186 1680 422 1743 caelebramus.
439 1682 582 1763 gloriosa
598 1682 728 1745 effulsit.
774 1681 870 1764 Quae
885 1693 918 1745 et
934 1683 1141 1763 unigenitum
1164 1690 1257 1742 tuum
1281 1679 1387 1741 sancti

186 1767 320 1847 spiritus
343 1768 599 1832 obumbratione
626 1769 779 1850 concepit
801 1768 850 1853 set
876 1769 1077 1850 uirginitatis
1099 1767 1204 1849 gloria
1235 1765 1290 1848 [lo.
1318 1783 1388 1843 144.

185 1865 402 1935 permanente
425 1854 501 1918 huic
525 1857 651 1920 mundo
674 1856 785 1919 lumen
809 1866 981 1920 aeternum
1005 1855 1130 1918 effudit.
1153 1854 1258 1916 iesum
1285 1852 1387 1916 chris·

184 1950 256 2003 tum
273 1941 446 2005 dominum
464 1953 613 2005 nostrum
630 1963 804 2024 perquem
822 1943 1029 2006 maiestatem
1046 1951 1147 2004 tuam.

632 2062 694 2125 Ad
712 2062 937 2144 complendum.

229 2163 368 2227 Mensae
399 2164 549 2228 caelestis
579 2167 756 2248 participes
787 2165 895 2229 effecti
927 2163 1143 2247 imploramus
1174 2161 1384 2226 clementiam

182 2261 276 2314 tuam
307 2251 442 2314 dominc
464 2253 546 2316 deus
570 2264 690 2316 noster.
713 2262 750 2315 ut
772 2253 829 2334 qui
853 2251 937 2314 festa
960 2252 1012 2313 dei
1040 2250 1215 2332 genetricis
1238 2249 1386 2312 colimus.

182 2356 202 2399 a
219 2338 316 2401 malis
331 2338 582 2402 imminentibus
597 2340 667 2402 eius
683 2339 972 2403 intercessionibus
988 2338 1170 2401 liberemur.
1188 2356 1255 2418 per.

658 2459 720 2522 Ad
738 2470 910 2540 uesperum.

225 2559 382 2625 Concede
398 2583 578 2644 quesumus
593 2563 806 2645 omnipotens
821 2563 903 2625 deus
919 2563 962 2624 ad
978 2560 1095 2624 beatae
1112 2561 1234 2623 mariae
1254 2580 1386 2641 semper

178 2647 320 2729 uirginis
349 2650 472 2731 gaudia
503 2659 637 2712 aeterna
668 2651 860 2731 pertingere.
891 2649 933 2711 de
965 2650 1058 2711 cuius
1096 2668 1156 2711 nos
1196 2649 1385 2710 ueneranda

175 2737 413 2817 assumptione
428 2735 545 2799 tribuis
562 2756 673 2799 annua
688 2736 935 2818 sollempnitate
950 2736 1103 2816 gaudere.
1120 2754 1178 2816 per
1200 2734 1384 2796 dominum.

738 2856 829 2919 Alia.

223 2955 452 3039 Omnipotens
467 2959 668 3041 sempiterne
685 2960 775 3022 deus,
791 2960 847 3041 qui
863 2959 1001 3021 terrenis
1019 2957 1210 3039 corporibus
1226 2958 1317 3020 uerbi
1335 2959 1382 3021 tui

168 3044 331 3107 ueritatis
362 3044 419 3107 filii
450 3047 611 3126 unigeniti
635 3066 694 3127 per
720 3046 944 3109 uenerabilem
975 3065 1013 3107 ac
1044 3045 1222 3125 gloriosam
1253 3065 1384 3126 semper

167 3132 346 3213 uirginem
371 3133 508 3194 mariam
532 3131 699 3195 ineffabile
716 3134 909 3213 mysterium
926 3133 1126 3213 coniungere
1142 3130 1284 3194 uoluisti.
1300 3134 1384 3213 peti-

166 3237 256 3281 mus
280 3218 467 3281 inmensam
490 3219 702 3282 clementiam
727 3231 819 3283 tuam
844 3230 880 3282 ut
903 3220 992 3300 quod
1021 3220 1052 3281 in
1076 3219 1147 3280 eius
1170 3220 1384 3281 ueneratione

162 3305 403 3387 deposcimus.
419 3316 453 3368 te
469 3306 670 3387 propitiante
685 3306 842 3387 consequi
861 3325 1052 3368 mereamur.
1070 3326 1135 3386 per.

737 3426 827 3489 Alia.

221 3527 368 3608 Protege
382 3528 518 3591 domine
534 3527 677 3592 famulos
693 3538 768 3593 tuos
784 3530 939 3594 subsidiis
955 3531 1054 3612 pacis
1071 3540 1103 3592 et
1119 3529 1237 3592 beatae
1261 3531 1384 3593 mariae

155 3614 372 3691 patrociniis
395 3615 651 3678 confidentesa
681 3618 809 3680 cunctis
840 3618 992 3680 hostibus
1023 3617 1123 3679 redde
1154 3636 1293 3679 securos.
1324 3638 1383 3699 per

153 3701 354 3764 dominum
371 3712 529 3765 nostrum.

735 3819 827 3882 Alia.

221 3920 349 3982 Beatae
365 3931 398 3982 et
418 3920 581 4003 gloriosae
605 3942 801 4004 semperque
825 3923 961 4004 uirginis
983 3923 1036 3984 dei
1060 3923 1235 4004 genetricis
1259 3924 1381 3986 mariae

162 4018 240 4099 pos
270 4006 407 4069 domine
436 4027 618 4089 quesumus
650 4011 767 4072 merita
801 4020 1050 4091 prosequantur.
1081 4019 1115 4072 et
1152 4019 1245 4071 tuam
1284 4010 1380 4073 nobis

166 4092 422 4175 lndulgentiam
438 4114 569 4177 semper
584 4095 770 4177 implorent.
788 4116 846 4177 per
861 4098 1013 4158 eundern.

220 4292 295 4343 xvr.
322 4281 704 4348 KAL.SEPT.OCTA13.
730 4284 870 4350 Saucrr
896 4286 1111 4349 Lnuuaurn
1129 4284 1335 4349 Mnnrrars.

219 4390 317 4457 Beati
335 4392 487 4458 laurentii
504 4415 565 4458 nos
581 4394 681 4458 iaciat
703 4397 838 4459 domine
861 4397 972 4478 passio
994 4396 1186 4459 ueneranda
1208 4396 1379 4458 laetantes.

183 4484 210 4538 et
225 4488 261 4543 ut
277 4499 355 4543 eam
372 4481 572 4545 sufficienter
587 4482 770 4546 recolamus
785 4482 907 4546 efficiat
922 4485 1151 4565 promptiores.
1168 4503 1234 4564 per.
