3046 5092
417 352 510 403 ΗΘΜ.
536 351 579 401 VI.
599 350 696 401 POST
711 349 788 401 OCY.
809 350 1092 402 PENTECOSIZN.
1316 365 1361 417 125

309 529 525 616 [Dourmcn
539 528 579 592 V.
605 541 694 593 rosa
711 526 885 593 Ocruans
907 527 1189 594 Pauracosrau.
1234 529 1292 613 [so.
1308 549 1358 611 90.

202 661 258 724 Da
273 660 369 724 nobis
384 660 520 723 domine
535 678 716 740 quesumus
733 667 769 720 ut
786 667 819 720 et
836 659 951 720 mundi
969 677 1083 720 cursus
1104 657 1240 741 pacifice
1263 661 1358 724 nobis

158 758 218 811 tuo
255 748 371 810 ordine
408 747 578 827 dirigatur.
610 754 645 808 et
678 744 838 807 aecclesia
876 756 933 807 tua
968 745 1147 826 tranquilla
1181 747 1360 811 deuotione

157 835 306 898 laetetur.
324 854 384 917 per
398 833 572 896 dominum
594 841 752 894 nostrum.

690 967 827 1031 Secreta.

203 1082 440 1148 Oblationibus
469 1100 651 1164 quesumus
681 1080 816 1143 domine
840 1080 971 1162 placare
1003 1082 1165 1164 susceptis
1195 1085 1293 1148 etad
1325 1095 1359 1148 te

159 1181 291 1233 nostras
328 1171 429 1231 etiarn
476 1168 615 1230 rebelles
659 1167 825 1249 compelle
862 1168 1026 1250 propitius
1064 1169 1263 1233 uoluntates.
1301 1193 1360 1255 per

158 1257 333 1320 dominum
351 1267 511 1319 nostrum.

667 1379 849 1459 Praefatae.

205 1494 255 1557 (θ
279 1503 413 1555 aeterne
428 1491 519 1554 deus.
565 1489 779 1553 Maiestatem
796 1500 888 1553 tuam
905 1491 1097 1573 suppliciter
1112 1493 1360 1576 depraecantes.

162 1590 199 1644 ut
228 1600 328 1662 opem
351 1588 444 1641 tuam
472 1578 662 1659 petentibus
689 1577 868 1659 dignanter
898 1579 1081 1659 impendas.
1112 1591 1146 1643 et
1171 1582 1360 1647 desideran-

162 1667 251 1730 tibus
289 1666 452 1748 benignus
483 1664 608 1726 tribuas
646 1663 862 1746 profuturam.
901 1685 959 1747 per
989 1665 1148 1729 christum
1186 1667 1359 1734 dominum

163 1763 323 1817 nostrum.

618 1870 650 1933 A
654 1869 681 1931 d
691 1869 917 1951 complendum.

205 1984 368 2067 Mysteria
383 2004 444 2046 nos
456 1982 591 2046 domine
606 1993 723 2046 sancta
737 1981 912 2064 purificent
927 1993 961 2046 et
970 2004 1031 2046 suo
1048 2004 1182 2050 munere
1198 1997 1361 2054 tueantur.

163 2092 221 2154 per
236 2073 410 2135 dominum
427 2081 586 2133 nostrum.

620 2205 728 2287 Super
742 2206 905 2288 populum.

205 2318 363 2386 Concede
385 2338 565 2402 quesumus
588 2318 724 2381 domine
748 2319 874 2400 populo
898 2328 957 2380 tuo
980 2319 1112 2383 ueniam
1140 2333 1361 2404 peccatorum.

163 2418 199 2473 ut
214 2407 306 2491 quod
331 2407 455 2470 meritis
479 2425 546 2467 non
569 2404 760 2487 praesumit.
785 2404 1012 2486 indulgentiae
1028 2417 1085 2485 tue
1110 2408 1263 2491 largitate
1287 2435 1362 2496 per-

162 2496 275 2578 cipiat.
292 2514 350 2577 per
364 2492 538 2557 dominum
555 2503 713 2553 nostrum.

313 2677 513 2741 Doururcn
536 2674 597 2739 Vl.
622 2688 712 2738 Posr
735 2673 908 2740 Ocrnans
934 2678 1216 2746 Panrrcosruu.

205 2799 300 2862 Deus
315 2798 371 2879 qui
395 2794 611 2878 diligentibus
635 2805 668 2858 te
688 2794 776 2857 bona
792 2796 972 2860 inuisibilia
995 2804 1207 2880 praeparasti.
1225 2805 1362 2872 infunde
1443 2786 1449 2797 ¹

162 2885 318 2949 cordibus
334 2885 454 2947 nostris
478 2883 526 2946 tui
543 2884 665 2944 amoris
681 2881 846 2944 affectum.
863 2894 899 2946 ut
916 2894 949 2946 te
972 2885 1004 2946 in
1028 2887 1183 2951 omnibus
1206 2902 1239 2954 et
1264 2914 1362 2976 super

162 2974 277 3035 omnia
314 2971 498 3051 diligentes.
531 2969 767 3051 promissiones
797 2980 872 3032 tuas
910 2991 996 3052 quae
1029 2993 1129 3037 omne
1158 2977 1360 3045 desiderium

162 3067 322 3143 superant
336 3076 587 3138 consequamur.
605 3076 671 3139 per.

693 3175 831 3239 Secreta.

206 3280 392 3363 Propitiare
415 3280 551 3343 domine
574 3278 873 3360 supplicationibus
897 3280 1026 3344 nostris
1043 3293 1076 3346 et
1092 3284 1153 3346 has
1176 3286 1362 3355 oblationes

164 3369 365 3432 famulorum
381 3378 513 3431 tuorum
531 3366 693 3447 benignus
709 3386 850 3429 assume.
867 3377 903 3429 ut
919 3369 1008 3448 quod
1033 3371 1154 3451 singuli
1170 3377 1362 3456 optulerunt

163 3455 406 3606 {gmiffioem
437 3453 581 3517 nominis
611 3454 659 3516 tui
694 3454 821 3515 cunctis
859 3454 1010 3535 proficiat
1040 3460 1083 3520 ad
1117 3459 1268 3528 salutem.
1304 3488 1363 3548 per

675 3658 856 3737 praefato.

204 3773 272 3857 lffl
295 3782 429 3836 aeterne
460 3770 553 3834 deus.
584 3791 642 3852 per
669 3770 827 3832 christum
853 3772 1025 3836 dominum
1057 3787 1217 3844 nostrum.
1240 3781 1362 3864 [lopo.

166 3881 283 3924 uerum
307 3871 546 3939 aeternumque
573 3857 766 3939 pontificem
791 3867 823 3919 et
847 3858 955 3920 solum
980 3862 1050 3923 sine
1081 3868 1209 3946 pcccati
1234 3874 1363 3935 macula

163 3948 383 4010 sacerdotem.
429 3946 531 4009 Cuius
554 3944 716 4025 sanguine
739 3942 887 4006 fidelium
911 3946 1012 4009 corda
1037 3953 1247 4017 mundantur.
1271 3961 1363 4020 euius

168 4030 406 4107 institutionis†
432 4031 629 4114 placationis
659 4029 786 4092 hostias
817 4030 877 4093 tibi
909 4052 974 4095 non
1006 4035 1113 4098 solum
1145 4060 1205 4120 pro
1235 4043 1364 4107 delictis

163 4121 279 4203 populi
303 4120 483 4183 sedetiam
508 4138 567 4200 pro
584 4118 705 4180 nostris
721 4115 961 4181 offensionibus
985 4121 1206 4188 immolamus.
1254 4129 1362 4195 Tuam

161 4216 341 4290 poscentes
357 4205 577 4269 elementiam.
598 4214 635 4267 ut
658 4223 758 4265 omne
774 4213 949 4285 peccatum
965 4210 1055 4288 quod
1072 4214 1179 4273 carnis
1196 4213 1362 4301 flagilii]-

162 4306 233 4357 tate
251 4294 492 4356 contraximus.
508 4292 582 4373 ipso
604 4310 737 4353 summo
760 4310 821 4371 pro
838 4291 934 4353 nobis
949 4295 1099 4359 antistite
1123 4299 1364 4369 interueniente

164 4381 326 4445 soluatur.
343 4399 401 4462 per
415 4398 524 4461 quem.

456 4510 466 4545 ¹
483 4513 594 4578 syllable
604 4512 710 4563 omitted
721 4521 747 4563 at
759 4513 808 4563 eud
820 4512 850 4562 ol
857 4513 908 4563 line
918 4512 944 4563 in
959 4516 1014 4566 MS.
