3046 5092
612 325 743 376 CANON
756 325 901 375 MISSAE.
1326 339 1359 388 47

156 476 330 559 Stephano
348 476 478 540 Mathia
498 476 651 540 Barnaba
676 476 810 557 Ignatio
826 474 1024 537 Alexandro
1042 474 1236 537 Marcellino
1260 476 1358 539 Petro

157 562 330 627 Felicitate
354 563 517 646 Perpetua
546 563 685 645 Agatha
716 562 820 626 Lucia
850 561 972 642 Agnae
1003 561 1147 625 Caecilia
1176 562 1358 625 Anastasia

155 650 425 732 Aetheldrythae
452 650 646 714 Geretrudis
676 659 710 712 et
737 668 812 711 cum
843 648 998 710 omnibus
1029 649 1151 711 sanctis
1180 651 1245 712 tuis
1272 651 1357 713 intra

156 758 298 818 quorum
315 759 376 800 nos
392 738 594 800 consortium
611 756 677 798 non
694 736 888 798 aestimator
903 736 1011 798 meriti
1037 736 1095 798 sed
1118 737 1215 814 uenie
1239 757 1357 818 quesu-

157 845 231 887 mus
248 825 385 908 largitor
399 825 547 887 admitte.
564 843 623 904 per
637 823 804 885 christum.

202 913 265 974 l’er
279 932 379 993 quem
392 911 474 973 haec
489 911 602 973 omnia
617 910 752 973 domine
764 928 895 989 semper
910 909 999 972 bona
1015 929 1106 970 creas
1125 920 1154 977 4
1170 909 1358 973 sanctificas

163 1011 192 1067 -Ι-
210 998 359 1060 uiuificas
381 1010 410 1066 -Ι-
432 998 607 1061 benedicis.
618 1007 652 1059 et
668 1006 816 1077 praestas
833 994 929 1057 nobis
944 1016 1002 1076 per
1019 997 1125 1076 ipsum
1143 1006 1266 1058 etcum
1285 997 1358 1079 ipso

155 1096 190 1148 et
207 1087 239 1147 in
257 1086 330 1166 ipso
345 1095 396 1147 est
411 1084 471 1147 tibi
484 1085 548 1147 deo
564 1084 648 1165 patri
661 1083 882 1164 omnipotenti
898 1083 931 1143 in
945 1082 1072 1144 unitate
1094 1083 1228 1164 spiritus
1252 1085 1357 1146 sancti

156 1173 268 1235 omnis
283 1173 437 1234 honoret
453 1171 566 1253 gloria.

203 1259 266 1321 Per
279 1259 394 1321 omnia
408 1257 540 1320 saecula
556 1256 770 1319 saeculorum.
818 1255 937 1318 Amen.

680 1409 829 1473 Oremus

204 1524 392 1606 Praeceptis
422 1522 621 1585 salutaribus
652 1521 770 1584 moniti
801 1530 834 1584 et
866 1521 980 1584 diuina
1018 1521 1163 1606 insutu-f
1197 1520 1252 1605 [so
1288 1542 1358 1603 29u

156 1613 249 1674 tione
273 1609 405 1672 formati
421 1610 582 1672 audemus
601 1610 717 1671 dicere.

203 1698 304 1759 Pater
339 1706 453 1759 noster
482 1697 538 1778 qui
577 1716 612 1758 es
643 1696 675 1757 in
707 1695 806 1757 caelis
837 1693 1060 1757 sanctificetur
1097 1715 1219 1757 nomen
1252 1705 1356 1760 tuum.

158 1785 332 1847 Adueniat
355 1803 492 1865 regnum
517 1792 620 1846 tuum.
667 1782 743 1844 Fiat
766 1781 921 1843 uoluntas
937 1791 994 1843 tua
1009 1781 1095 1843 sicut
1119 1782 1152 1843 in
1168 1781 1261 1851 caelo
1276 1793 1309 1845 et
1325 1786 1358 1846 in

155 1882 253 1935 terra
301 1871 424 1933 Panem
450 1880 600 1932 nostrum
627 1869 831 1931 cotidianum
859 1869 903 1930 da
920 1867 1015 1929 nobis
1038 1868 1137 1930 hodie
1164 1879 1198 1932 et
1228 1871 1359 1934 dimitte

157 1958 256 2021 nobis
272 1956 385 2020 debita
406 1966 518 2019 nostra
540 1957 625 2018 sicut
647 1966 681 2018 et
697 1975 758 2017 nos
780 1955 980 2017 dimittimus
1003 1953 1207 2017 debitoribus
1231 1959 1359 2021 nostris

158 2045 206 2107 Et
234 2064 276 2106 ne
303 2064 363 2107 nos
388 2044 525 2107 inducas
549 2044 581 2104 in
609 2043 874 2124 temptationem.
914 2040 981 2105 Sed
1009 2041 1112 2104 libera
1139 2062 1199 2105 nos
1226 2043 1357 2108 amalo.

157 2132 281 2194 Amen.

204 2217 327 2280 Libera
349 2237 410 2279 nos
431 2236 611 2298 quesumus
642 2215 777 2278 domine
804 2216 847 2278 ab
877 2214 1031 2277 omnibus
1055 2214 1150 2277 malis
1177 2217 1359 2298 praeteritis

158 2303 390 2386 praesentibus
406 2312 439 2366 et
455 2303 582 2366 suturis.
598 2311 633 2365 et
645 2302 869 2364 intercedente
892 2300 990 2363 beata
1006 2310 1039 2363 et
1062 2300 1206 2382 gloriosa
1228 2323 1360 2386 semper

158 2391 289 2472 uirgine
304 2390 358 2454 dei
373 2390 540 2473 genetrice
553 2390 656 2452 maria
672 2397 705 2451 et
720 2388 826 2451 beatis
842 2388 1002 2469 apostolis
1017 2389 1083 2450 tuis
1098 2399 1194 2470 petro
1203 2400 1237 2452 et
1260 2391 1360 2472 paulo

158 2488 262 2559 atque
278 2477 401 2539 andrea
419 2496 494 2540 cum
518 2475 674 2539 omnibus
697 2475 820 2537 sanctis
843 2475 916 2537 tuis.
940 2476 983 2537 da
1006 2476 1169 2556 propitius
1192 2497 1308 2558 pacem
1326 2479 1358 2540 in

158 2564 279 2627 diebus
295 2564 415 2626 nostris
430 2573 467 2626 ut
482 2583 547 2645 ope
557 2563 800 2624 misericordiae
812 2570 889 2623 tuae
901 2561 1014 2623 adiuti.
1027 2572 1060 2624 et
1075 2582 1095 2623 a
1107 2574 1244 2643 peccato
1256 2565 1360 2628 simus

158 2672 295 2733 semper
315 2650 417 2713 liberi.
440 2659 474 2713 et
503 2650 546 2712 ab
575 2649 667 2712 omni
691 2649 940 2730 perturbatione
969 2649 1081 2710 securi.
1106 2669 1164 2730 per
1186 2651 1358 2714 dominum

160 2747 314 2801 nostrum
337 2738 441 2800 iesum
465 2735 624 2798 christum
649 2734 752 2798 filium
777 2745 870 2797 tuum
887 2735 944 2816 qui
962 2746 1071 2797 tecum
1089 2736 1172 2799 uiuit
1187 2747 1220 2799 et
1244 2749 1359 2819 regnat

159 2826 244 2888 deus
271 2825 304 2886 in
328 2824 456 2887 unitate
478 2821 614 2905 spiritu†
635 2823 741 2885 sancti
765 2842 824 2904 per
846 2823 959 2883 omnia
989 2822 1121 2884 saecula
1144 2825 1359 2888 saeculorum.

161 2911 284 2974 Amen.

206 2999 280 3061 Pax
296 2997 423 3059 domini
438 2996 482 3059 sit
497 3015 629 3078 semper
651 2995 833 3058 uobiscum.
878 2995 923 3057 Et
939 3014 1014 3056 cum
1031 2995 1147 3076 spiritu
1163 3005 1229 3058 tu0.

205 3085 328 3165 Agnus
343 3084 396 3147 dei
413 3083 470 3165 qui
485 3083 575 3145 tollis
587 3092 724 3164 peccata
738 3081 853 3144 mundi
870 3082 1023 3144 miserere
1040 3082 1142 3144 nobis.

205 3170 311 3253 [¹Hec
341 3179 552 3232 sacrosancta
574 3169 772 3232 commixtio
802 3168 948 3250 corporis
984 3178 1018 3230 et
1041 3169 1210 3250 sanguinis
1233 3170 1359 3233 domini

162 3258 266 3320 nostri
284 3258 352 3320 iesu
369 3257 481 3319 christi
494 3256 552 3318 fiat
568 3255 667 3318 michi
684 3264 717 3318 et
727 3255 881 3318 omnibus
897 3255 1104 3317 sumentibus
1127 3255 1216 3317 salus
1240 3259 1361 3320 mentis

161 3355 195 3407 ct
218 3343 373 3425 corporis,
396 3353 430 3406 et
453 3343 496 3406 ad
526 3342 631 3405 uitam
662 3342 898 3424 capessendam
929 3351 1077 3404 eternam
1101 3342 1144 3405 sit
1174 3345 1361 3425 preparatio

162 3430 327 3493 salutaris,
373 3429 494 3492 Arnen.

205 3516 369 3599 [Domine
391 3527 504 3579 sancte
542 3525 637 3598 pater
659 3515 869 3596 omnipotens
893 3524 1005 3591 eterne
1028 3516 1117 3578 deus
1145 3516 1188 3578 da
1219 3516 1273 3598 [s0.
1312 3535 1361 3597 30.

164 3603 246 3666 mihi
285 3602 350 3667 hoc
379 3612 626 3666 sacrosanctum
651 3622 769 3684 corpus
792 3610 826 3664 et
856 3603 1051 3682 sanguinem
1075 3601 1131 3664 filii
1155 3605 1202 3665 tui
1233 3605 1361 3667 domini

164 3690 269 3753 nostri
296 3691 366 3752 iesu
397 3689 509 3752 christi
540 3690 587 3751 ita
616 3689 717 3767 digne
747 3707 883 3750 sumere.
914 3698 951 3750 ut
985 3708 1171 3751 mereamur
1209 3711 1267 3771 per
1298 3692 1361 3754 hoc

163 3777 392 3839 remissionem
405 3777 554 3838 omnium
571 3784 781 3857 peccatorum
798 3784 985 3836 nostrorum
1009 3776 1165 3856 accipere.
1181 3788 1215 3840 et
1238 3778 1280 3840 de
1304 3788 1362 3841 tuo

162 3873 281 3926 sancto
296 3863 414 3945 spiritu
429 3862 556 3946 repleri.
572 3862 651 3944 quia
666 3871 701 3924 tu
718 3882 753 3922 es
768 3860 850 3923 deus
873 3861 963 3923 solus
978 3871 1012 3923 et
1035 3872 1164 3942 praeter
1180 3873 1212 3925 te
1229 3884 1294 3926 non
1311 3875 1361 3927 est

161 3950 256 4013 alius
279 3950 373 4012 cuius
396 3969 534 4030 regnum
557 3958 591 4012 et
613 3947 788 4029 imperium
819 3949 889 4010 sine
913 3947 977 4010 line
1000 3963 1172 4029 permanet
1195 3952 1227 4013 in
1251 3952 1362 4014 secula

162 4036 359 4100 seculorum.
405 4035 525 4098 Amen.

209 4124 357 4186 Domine
387 4123 456 4185 iesu
483 4122 604 4185 christe
634 4119 679 4183 fili
710 4121 764 4184 dei
794 4121 870 4183 uiui.
897 4121 1022 4202 quiex
1055 4120 1227 4186 uoluntate
1250 4125 1362 4205 patris.

161 4221 365 4293 cooperante
381 4210 498 4292 spiritu
514 4218 631 4272 sancto
647 4228 706 4290 per
718 4218 858 4274 mortem
875 4217 968 4270 tuam
994 4211 1155 4272 mundum
1179 4211 1362 4275 uiuificasti.

195 4370 203 4402 ¹
220 4372 278 4422 'l'he
289 4370 390 4437 portion
402 4368 428 4419 in
439 4369 555 4420 brackets
566 4369 587 4419 is
597 4368 680 4419 added
696 4368 730 4433 by
747 4368 851 4417 another
866 4368 916 4417 and
934 4368 1016 4417 rather
1033 4369 1095 4417 later
1111 4369 1186 4419 hand.
1222 4371 1277 4420 The
1289 4373 1366 4422 lower

161 4447 216 4503 part
228 4437 259 4488 οἱ
272 4438 315 4487 the
327 4447 397 4486 recto
407 4436 457 4484 aud
474 4436 518 4485 the
530 4435 611 4484 whole
625 4435 655 4486 of
668 4435 710 4484 the
728 4449 799 4483 verso
815 4433 845 4484 of
858 4432 890 4483 lo.
911 4445 943 4496 30
959 4449 1001 4482 are
1018 4433 1104 4491 blank,
1123 4434 1166 4484 the
1183 4435 1318 4500 Pranium
1335 4441 1365 4487 de

159 4511 267 4570 tempore
277 4500 417 4568 beginning
428 4516 462 4550 on
473 4500 507 4550 lo.
523 4512 562 4564 31.
