3046 5092
424 341 516 392 DOM.
537 342 591 392 III.
611 342 708 393 POST
723 341 800 392 OCT.
820 341 1104 395 PENTECOSTEN.
1322 358 1368 408 123

622 524 730 608 Super
742 526 905 609 populum.

207 634 340 698 Fideles
363 645 438 700 tuos
454 638 588 701 domine
603 638 792 701 benedictio
806 640 994 703 desiderata
1009 640 1191 705 confirmet.
1206 662 1293 724 quae
1309 664 1365 705 eos

164 732 198 785 et
224 743 245 785 a
269 733 327 785 tua
352 725 524 787 uoluntate
548 745 730 806 numquam
758 725 858 788 faciat
882 727 1058 790 discedere.
1086 739 1120 791 et
1147 730 1212 792 tuis
1235 750 1366 813 semper

166 808 337 892 indulgeat
353 810 520 874 beneficiis
535 813 701 895 gratulari.
719 833 777 894 per
791 813 964 876 dominum
981 825 1139 877 nostrum.

327 1035 528 1098 Dorrrurcn
545 1033 590 1096 ΙΙ.
614 1046 705 1096 rost
729 1031 904 1096 Occurras
928 1034 1212 1098 Prurrcosran.

208 1161 322 1226 Sancti
340 1165 482 1225 nominis
499 1163 546 1225 tui
562 1162 697 1224 domine
713 1163 865 1224 timorem
883 1163 1004 1245 pariter
1019 1174 1053 1225 et
1068 1184 1224 1226 amorem.
1241 1164 1292 1227 sac
1303 1185 1363 1227 nos

164 1249 286 1313 habere
311 1263 516 1333 perpetuum.
543 1250 621 1331 quia
645 1269 826 1331 numquam
853 1260 911 1312 tua
937 1251 1175 1329 gubernatione
1202 1253 1362 1314 destituis.

163 1355 246 1417 quos
285 1338 318 1399 in
356 1338 525 1400 soliditate
569 1348 646 1399 tuae
683 1336 867 1398 dilectionis
905 1337 1055 1399 instituis.
1095 1358 1153 1419 per
1189 1340 1360 1402 dominum

164 1434 322 1488 nostrum.

694 1559 831 1623 Secreta.

206 1671 344 1737 Oblatio
360 1693 420 1735 nos
437 1673 570 1735 domine
588 1682 644 1735 tuo
660 1672 785 1733 nomini
801 1671 943 1734 dicanda
960 1670 1110 1753 purificet
1134 1682 1168 1734 et
1194 1674 1236 1735 de
1259 1673 1312 1734 die
1329 1674 1360 1734 in

162 1762 250 1823 diem
282 1762 325 1822 ad
355 1761 507 1823 caelestis
544 1761 633 1823 uitae
670 1757 845 1821 transferat
882 1759 1057 1821 actionem.
1095 1780 1153 1841 per
1189 1761 1361 1823 dominum

163 1862 322 1910 nostrum.

683 1983 863 2062 Praefatio.

207 2097 257 2160 (D
281 2107 414 2159 aeterne
451 2097 540 2157 deus
579 2095 672 2158 cuius
709 2094 772 2157 hoc
809 2093 982 2157 mirificum
1020 2116 1105 2177 opus
1142 2116 1180 2158 ac
1218 2094 1361 2158 salutare

164 2186 358 2264 mysterium
386 2182 447 2245 suit
474 2192 511 2244 ut
538 2183 657 2265 perditi
688 2182 815 2243 dudum
840 2180 956 2262 satque
980 2184 1142 2264 prostrati.
1170 2183 1211 2244 de
1236 2182 1291 2264 [so.
1309 2185 1360 2263 89.

164 2269 299 2333 diabolo
315 2280 349 2332 et
365 2271 479 2331 mortis
496 2268 611 2331 aculeo
636 2271 678 2331 ad
702 2268 787 2330 hanc
809 2268 949 2349 gloriam
973 2289 1174 2331 uocaremur.
1191 2289 1257 2350 qua
1273 2289 1359 2331 nunc

161 2377 267 2437 genus
291 2357 432 2418 electum
459 2357 747 2436 sacerdotiumque
773 2355 882 2436 regale
907 2356 1048 2437 populus
1075 2357 1300 2436 acquisitionis
1327 2368 1360 2417 et

164 2463 245 2524 gens
276 2454 391 2505 sancta
422 2444 639 2504 uocaremur.l
700 2442 850 2522 Agentes
882 2443 981 2521 igitur
1011 2442 1192 2504 indefessas
1229 2443 1363 2524 gratias.

163 2540 380 2610 sanctamque
397 2528 656 2591 munificentiam
667 2538 758 2590 tuam
770 2528 999 2609 praedicantes
1013 2530 1177 2590 maiestati
1194 2539 1269 2591 tuae
1280 2530 1360 2591 haec

162 2637 255 2679 sacra
271 2618 448 2679 deserimus
463 2636 549 2696 quae
565 2617 661 2677 nobis
687 2616 756 2696 ipse
782 2614 897 2676 salutis
925 2629 1057 2677 nostrae
1083 2627 1198 2678 auctor
1220 2617 1359 2679 christus

164 2704 313 2766 instituit.
329 2723 429 2783 quem
446 2704 586 2764 laudant
600 2702 717 2783 angeli.

608 2838 671 2900 Ad
688 2838 913 2919 complendum.
962 2826 965 2831 ’

205 2951 357 3033 Sumptis
374 2950 563 3013 muneribus
579 2952 713 3013 domine
729 2971 909 3032 quesumus
937 2960 973 3012 ut
998 2971 1072 3012 cum
1098 2949 1360 3031 frequentatione

163 3040 311 3120 mysterii
327 3052 453 3100 crescat
470 3051 603 3100 nostrae
618 3038 734 3099 salutis
750 3037 894 3099 effectus.
913 3058 977 3119 per.

622 3173 730 3254 Super
742 3174 905 3256 populum.

206 3287 261 3350 Da
276 3307 458 3368 quesumus
473 3287 608 3348 domine
625 3285 750 3368 populo
772 3296 830 3348 tuo
854 3286 995 3348 salutem
1021 3286 1140 3347 mentis
1157 3296 1190 3348 et
1206 3287 1359 3368 corporis.

161 3374 205 3437 da
229 3384 267 3436 ut
292 3372 456 3455 relinquat
481 3374 571 3454 quod
598 3383 705 3435 nocet.
722 3383 755 3435 et
783 3393 894 3434 amare
917 3374 1006 3453 quod
1023 3373 1138 3435 saluet.
1154 3375 1197 3435 da
1214 3383 1249 3435 ut
1266 3374 1360 3436 bonis

161 3460 316 3542 operibus
344 3462 524 3522 inherendo
551 3470 584 3522 et
611 3460 761 3522 benedici
789 3480 809 3520 a
834 3471 867 3522 te
893 3470 1066 3522 mereatur.
1089 3471 1122 3522 et
1149 3472 1207 3522 tua
1231 3480 1360 3542 semper

162 3550 283 3611 uirtute
300 3546 442 3609 delendi.
460 3568 518 3628 per
533 3548 717 3610 dominum.

307 3761 506 3823 Dorrrurcn
531 3760 597 3823 111.
622 3773 710 3823 Posr
735 3760 907 3824 Ocrnsas
932 3762 1215 3824 l‘nrrrucosrru.

204 3890 504 3972 Depraecationem
533 3899 680 3951 nostram
705 3908 886 3969 quesumus
902 3890 1037 3951 domine
1049 3888 1211 3971 benignus
1227 3890 1358 3952 exaudi.

158 3987 193 4039 et
223 3979 345 4058 quibus
383 3977 593 4057 supplicandi
631 3986 781 4057 praestas
818 3975 984 4038 eflectum.
1015 3977 1122 4038 tribue
1160 3976 1360 4039 defensionis

153 4066 331 4127 auxilium.
348 4083 412 4145 per.

692 4198 829 4263 Secreta.

202 4311 345 4374 Munera
359 4310 494 4373 domine
509 4311 622 4373 oblata
637 4310 815 4375 sanctifica.
831 4322 867 4374 ut
884 4311 931 4374 tui
948 4312 1043 4375 nobis
1064 4312 1225 4396 unigeniti
1241 4333 1360 4396 corpus

155 4408 190 4462 et
205 4399 342 4481 sanguis
357 4397 445 4461 fiant
462 4418 521 4481 per
535 4398 717 4461 dominum.

579 4527 586 4556 ¹
606 4524 730 4590 Probably
742 4523 780 4574 for
791 4541 918 4578 uocantur.
