3046 5092
294 330 350 381 ΙΙΙ.
378 331 464 382 KAL.
491 331 595 383 sm.
623 332 711 383 ΝΑΤ.
739 333 787 383 SS.
814 333 964 384 FELICIS
986 333 1044 385 ET
1061 334 1241 385 ADAUCYI.
1326 346 1374 396 207

680 498 860 580 Praefatio.

212 609 262 673 (D
279 619 413 672 aeterne
427 608 517 672 deus.
564 609 609 673 Et
625 610 658 672 in
674 611 839 692 praesenti
864 611 1045 675 festiuitate
1067 612 1194 687 sancti†
1218 613 1374 694 martyris

168 703 245 758 tuae
257 696 394 758 sabinae
409 696 468 759 tibi
485 695 676 760 confitendo
692 697 800 761 laudis
816 697 942 761 hostias
958 697 1138 761 immolare.
1148 708 1307 780 tuamque
1324 700 1371 761 in·

169 802 318 845 mensam
335 783 494 865 pietatem
511 783 694 865 implorare.
711 794 748 847 ut
763 785 848 846 sicut
864 784 909 847 illi
925 785 1046 848 dedisti
1057 785 1207 848 caelestis
1224 784 1370 868 palmam

168 869 336 950 triumphi.
352 869 400 932 sic
416 889 454 932 ea
471 868 674 951 suffragante
690 871 785 934 nobis
801 871 1073 934 emundationem
1090 892 1129 934 ac
1144 873 1276 935 ueniam
1293 893 1371 934 con-

168 955 268 1018 cedas
283 956 419 1037 peccati.
457 955 505 1020 Ut
521 957 553 1018 in
570 967 603 1019 te
619 956 809 1020 exultemus
826 958 858 1019 in
873 958 1103 1021 misericordia.
1117 959 1149 1021 in
1160 979 1227 1040 quo
1237 958 1292 1021 illa
1305 959 1370 1021 lae-

167 1051 257 1105 tatur
272 1043 305 1104 in
321 1043 434 1123 gloria.
450 1063 511 1124 per
525 1045 692 1106 christum.

624 1180 655 1242 A
659 1180 686 1243 d
696 1180 922 1262 conplendum.

211 1291 326 1355 Diuini
343 1291 488 1354 muneris
504 1291 657 1373 largitate
673 1293 783 1356 satiati
806 1312 987 1373 quesumus
1002 1293 1138 1355 domine
1154 1295 1236 1357 deus
1259 1304 1371 1357 noster

167 1386 203 1441 ut
218 1378 442 1440 intercedente
458 1377 556 1441 beata
571 1379 687 1442 sabina
704 1390 849 1462 martyre
864 1388 921 1442 tua
944 1381 977 1441 in
1001 1380 1071 1442 eius
1094 1400 1225 1462 semper
1240 1382 1370 1463 partici-

167 1465 302 1546 patione
317 1465 478 1528 uiuamus
495 1485 553 1546 per
567 1466 750 1528 dominum.

203 1651 343 1716 Eonsn
367 1653 441 1716 D1n
465 1651 709 1716 Dscouunno
733 1650 873 1716 Snucn
899 1656 1089 1716 Iounmus
1113 1652 1330 1715 Barnsrnn.

208 1777 324 1842 Sancti
354 1777 506 1840 iohannis
527 1776 693 1857 baptistae
720 1786 753 1839 et
779 1777 932 1857 martyris
958 1777 1006 1840 tui
1027 1776 1161 1839 domine
1188 1797 1368 1858 quesumus

164 1864 354 1928 ueneranda
378 1863 549 1927 sestiuitas.
580 1863 733 1926 salutaris
761 1862 876 1926 auxilii
908 1864 1003 1926 nobis
1035 1872 1180 1945 praestet
1202 1862 1367 1926 effectum.

164 1970 230 2033 per.

698 2068 836 2132 Secreta.

208 2181 349 2244 Munera
363 2182 423 2244 tibi
436 2182 571 2246 domine
587 2201 647 2263 pro
662 2182 767 2245 sancti
785 2182 939 2262 martyris
962 2183 1009 2244 tui
1033 2181 1184 2243 iohannis
1201 2181 1368 2262 baptistae

161 2270 317 2351 passione
331 2267 516 2331 deserimus.
533 2269 611 2350 quia
627 2269 707 2331 dum
724 2268 836 2332 finitur
855 2269 886 2330 in
911 2269 1013 2330 terris.
1031 2267 1138 2331 lactus
1161 2279 1210 2331 est
1233 2268 1366 2330 caelesti

162 2356 243 2418 sede
266 2365 454 2437 perpetuus.
479 2375 660 2436 quesumus
684 2364 721 2417 ut
744 2356 814 2418 eius
837 2356 976 2419 obtentu
1003 2355 1099 2417 nobis
1125 2352 1299 2436 proficiant
1323 2355 1365 2417 ad

162 2441 314 2505 salutem.
331 2462 390 2524 per
405 2443 578 2505 dominum
596 2452 754 2504 nostrum.

674 2578 856 2658 Praefatae.

207 2691 257 2755 ff)
274 2699 407 2754 aeterne
431 2690 522 2754 deus
568 2689 634 2770 Qui
664 2709 908 2771 praecursorem
941 2687 998 2750 filii
1030 2688 1077 2751 tui
1109 2697 1203 2752 tanto
1231 2709 1366 2752 munere

161 2777 285 2840 ditasti.
311 2785 348 2840 ut
371 2797 432 2859 pro
459 2777 607 2839 ueritatis
638 2777 814 2859 praeconio
840 2777 950 2856 capite
980 2774 1185 2856 plecteretur.
1233 2776 1278 2838 Et
1308 2779 1364 2857 qui

161 2863 323 2927 christum
339 2884 426 2945 aqua
441 2863 676 2945 baptizauerat.
693 2862 750 2945 sab
767 2863 839 2944 ipso
855 2863 887 2923 in
905 2863 1020 2943 spiritu
1038 2861 1186 2943 baptiza·
1203 2858 1259 2946 [lo.
1276 2867 1365 2941 148v.

160 2959 224 3013 tus.
250 2968 311 3032 pro
341 2952 458 3012 eodem
490 2951 622 3031 proprio
649 2951 810 3030 sanguine
837 2950 1048 3030 tingueretur.
1096 2949 1218 3011 Praeco
1242 2951 1366 3031 quippe

159 3037 311 3101 ueritatis
333 3056 420 3118 quae
442 3035 581 3100 christus
604 3048 664 3100 est.
680 3035 838 3098 herodem
861 3056 881 3097 a
904 3034 1056 3096 fraternis
1079 3035 1234 3097 thalamis
1257 3036 1364 3118 prohi-

159 3123 281 3187 bendo.
298 3124 434 3185 carceris
458 3123 659 3185 obscuritate
681 3123 875 3185 detruditur.
892 3122 947 3184 ubi
964 3121 1065 3183 solius
1081 3122 1264 3184 diuinitatis
1288 3133 1365 3185 tuae

157 3210 288 3274 lumine
304 3207 512 3291 perducturi
557 3210 688 3272 Deinde
710 3208 887 3291 capitalem
910 3209 1109 3271 sententiam
1133 3208 1241 3272 subiit.
1266 3220 1299 3271 ct
1322 3210 1365 3271 ad

155 3295 289 3360 inferna
311 3296 485 3358 dominum
509 3315 741 3378 praecursurus
767 3295 947 3357 descendit.
994 3295 1038 3357 Et
1060 3314 1160 3376 quem
1184 3295 1216 3356 in
1241 3297 1368 3358 mundo

155 3383 270 3466 digito
284 3383 534 3446 demonstrauit.
550 3383 592 3445 ad
610 3381 730 3444 inferos
746 3384 910 3463 praetiosa
927 3391 1033 3444 morte
1048 3382 1225 3462 praecessit
1241 3392 1273 3444 et
1291 3384 1366 3445 ideo

155 3489 238 3534 cum
255 3469 391 3551 angelis.
1227 3501 1228 3504 π

618 3587 680 3650 Ad
690 3587 915 3669 complendum.

204 3697 365 3764 Conlerat
381 3698 476 3761 nobis
492 3700 627 3763 domine
643 3700 749 3763 sancti
766 3699 917 3762 iohannis
934 3707 1110 3779 utrumque
1129 3698 1365 3780 sollempnitas.

155 3795 198 3849 ut
214 3783 394 3868 magnifica
409 3798 617 3850 sacramenta
632 3806 718 3868 quae
733 3786 945 3868 sumpsimus.
962 3786 1146 3866 significata
1163 3805 1364 3849 ueneremur.

153 3882 193 3938 et
209 3872 243 3935 in
260 3872 357 3935 nobis
373 3874 483 3955 potius
499 3873 589 3936 edita
604 3874 817 3954 gaudeamus.
834 3893 893 3954 per
908 3872 1080 3934 dominum
1097 3882 1255 3935 nostrum.

331 4055 383 4105 111.
410 4043 501 4107 Km..
526 4044 632 4109 Sars.
656 4044 798 4109 Snucn
823 4041 1212 4107 Fau1c1sanAucr1.¹

203 4161 419 4225 Maiestatem
436 4172 528 4226 tuam
544 4164 679 4227 domine
694 4162 860 4244 supplices
876 4162 1121 4243 depraecamur.
1137 4170 1174 4224 ut
1196 4161 1281 4225 sicut
1305 4183 1365 4224 nos

157 4246 281 4333 iugiter
294 4257 486 4312 sanctorum
502 4260 635 4314 tuorum
651 4248 969 4313 commemoratione
991 4247 1156 4311 laetificas.
1174 4249 1220 4312 ita
1235 4268 1366 4331 semper

155 4334 403 4420 supplicatione
422 4335 590 4400 defendas.
606 4357 672 4419 per.

554 4478 564 4513 ¹
580 4482 616 4534 So
628 4481 689 4535 ΜΒ.
698 4480 737 4532 ior
747 4487 771 4531 et
781 4480 900 4531 Adarrctr'.
