3046 5092
153 316 202 371 16⁶
364 318 448 373 XIII.
477 318 564 371 nul.
592 318 676 370 APR.
705 316 793 370 ΜΡ.
820 316 850 369 S.
881 316 1142 371 emmim

684 482 823 551 santa

201 595 346 661 Intende
370 594 507 661 domine
530 613 668 660 munera
690 614 872 679 quesumus
897 592 1057 660 altaribus
1080 592 1149 659 tuis
1174 612 1238 677 pro
1260 612 1357 657 sane·

156 691 267 749 tarum
278 691 411 747 tuarum
426 681 595 747 felicitatis
609 689 644 746 et
657 692 838 784 perpetuae
845 682 1165 746 commemoratione
1175 680 1357 782 proposita

157 778 196 835 ut
210 770 296 834 sicut
309 788 369 854 per
382 768 465 833 haec
479 767 579 834 beata
593 788 652 853 my
652 769 753 833 steria
766 768 831 832 illis
845 768 986 852 gloriam
1000 765 1207 833 contulisti'
1195 776 1246 833 rta
1259 766 1358 832 nobis

158 855 402 941 indulgentiam
417 855 574 938 largiaris
589 875 650 940 per
627 790 837 921 ydominum
853 864 1011 921 nostrum.

611 992 674 1057 Ad
682 991 907 1075 complendum

202 1104 339 1170 Praesta
353 1104 451 1170 nobis
468 1104 604 1170 domine
628 1123 810 1189 quesumus
837 1102 1126 1169 intercedentibus.
1140 1102 1268 1169 sanctis
1282 1102 1358 1168 tuis

158 1199 197 1258 ut
211 1211 297 1275 quae
311 1211 369 1257 ore
382 1191 607 1276 contingimus
621 1211 705 1275 pura
720 1200 832 1256 mente
845 1191 1025 1275 capiamus
1040 1210 1108 1274 per.

235 1393 305 1446 1111.
328 1379 422 1447 Inus
445 1380 569 1448 Manu.
592 1380 749 1445 Nauius
772 1380 914 1447 Snucrr
936 1378 1126 1445 Giscoan
1150 1378 1285 1444 Pausa

203 1508 298 1574 Deus
323 1509 380 1593 qui
406 1510 538 1574 animae
567 1508 682 1574 famuli
711 1509 761 1574 tui
790 1509 933 1593 gregorii
961 1518 1117 1574 aeternae
1142 1506 1361 1572 beatitudinis

159 1597 288 1680 premia
296 1596 465 1661 contulisti
474 1597 621 1661 concede
634 1597 806 1681 propitius
821 1606 859 1662 ut
873 1595 931 1679 qui
946 1604 1159 1680 peccatorum
1168 1603 1359 1659 nostronrm

159 1683 544 1835 ppppipplempraemimur.
568 1685 639 1748 eius
668 1682 757 1768 apud
787 1692 822 1747 te
851 1682 1024 1766 praecibus
1052 1682 1277 1747 subleuemur.
1302 1700 1361 1765 per

696 1902 832 1967 Secreta.

207 2010 349 2098 lAnnue
370 2011 469 2077 nobis
489 2011 625 2077 domine
645 2022 683 2077 ut
702 2014 835 2079 animae
853 2013 970 2078 famuli
984 2012 1034 2078 tui
1049 2012 1193 2096 gregorii
1213 2008 1274 2095 [lo.
1295 2026 1361 2090 119.

165 2099 271 2183 prosit
289 2100 424 2165 oblatio.
439 2118 541 2183 quam
567 2098 781 2167 immolando.
808 2101 912 2166 totius
926 2099 1043 2166 mundi
1057 2098 1205 2164 tribuisti
1218 2096 1362 2163 relaxari

166 2185 296 2252 delicta
312 2206 371 2271 per
384 2186 567 2252 dominum

679 2324 862 2407 Praefatio.

207 2436 258 2502 Θ
281 2444 415 2500 aeterne
438 2436 531 2501 deus.
576 2432 666 2519 Quia
691 2437 739 2499 sic
762 2436 880 2501 tribuis
909 2435 1103 2501 aecclesiam
1133 2444 1227 2501 tuam
1258 2434 1362 2498 sancti

167 2523 307 2607 gregorii
335 2522 501 2605 pontificis
526 2522 575 2587 tui
599 2524 916 2587 commemoratione
942 2523 1096 2606 gaudere.
1121 2532 1158 2586 ut
1186 2542 1261 2586 eam
1278 2520 1361 2584 illius

167 2621 203 2674 et
218 2611 398 2674 sestiuitate
414 2609 579 2674 laetifices.
595 2621 629 2674 et
655 2609 813 2692 exemplo
828 2612 905 2693 piae
920 2610 1181 2673 conuersationis
1198 2628 1360 2673 exerceas

167 2706 202 2762 et
231 2696 334 2761 uerbo
363 2697 619 2780 praedicationis
656 2699 795 2761 erudias
833 2707 993 2779 grataque
1030 2697 1091 2760 tibi
1122 2695 1361 2779 supplicatione

168 2785 299 2850 tuearis.
315 2805 374 2867 per
388 2784 547 2848 christum
562 2785 736 2848 dominum
752 2795 911 2847 nostrum.

617 2921 679 2985 Ad
689 2922 915 3004 complendum.

212 3033 306 3096 Deus
332 3034 388 3115 qui
412 3032 548 3096 beatum
579 3035 766 3116 gregorium
797 3033 988 3115 pontificem
1019 3040 1209 3095 sanctorum
1231 3041 1360 3095 tuorum

171 3121 296 3184 meritis
326 3121 504 3202 coequasti.
535 3121 681 3184 concede
710 3122 872 3203 propitius
896 3130 932 3183 ut
956 3120 1013 3202 qui
1038 3117 1362 3182 commemorationis

165 3207 256 3358 gius·
272 3207 357 3270 festa
386 3207 591 3290 percolimus
628 3208 697 3285 uite
734 3228 868 3289 quoque
906 3207 1074 3270 imitemur
1111 3206 1278 3288 exempla
1308 3224 1362 3288 per

189 3313 348 3360 ominum.

169 3492 248 3543 x111.
272 3478 363 3542 ΚΑΙ..
387 3477 478 3543 Asu.
504 3478 709 3543 Dssos1u10
740 3479 882 3544 Snncm
905 3478 1159 3544 Curussnnur
1183 3478 1362 3545 Emscon.
1383 3533 1421 3546 -.

213 3598 437 3682 Omnipotens
453 3600 653 3682 sempiterne
675 3600 765 3664 deus.
788 3601 844 3682 qui
868 3602 901 3663 in
918 3600 1043 3663 meritis
1053 3599 1160 3663 sancti
1176 3597 1421 3663 cuthberhtiff:

171 3687 351 3751 sacerdotis
366 3706 497 3768 semper
518 3707 554 3749 es
577 3697 610 3751 et
632 3687 754 3769 ubique
776 3688 942 3750 mirabilis.
957 3707 1138 3769 quesumus
1154 3686 1421 3749 clementiam

171 3782 273 3838 tuam.
301 3783 337 3836 ut
361 3774 446 3836 sicut
469 3774 499 3836 ei
526 3775 726 3837 eminentem
752 3774 891 3856 gloriam
918 3775 1095 3837 contulisti.
1120 3773 1167 3836 sic
1191 3774 1237 3836 ad
1253 3791 1421 3837 conse-e

170 3860 339 3944 quendam
357 3860 615 3924 misericordiam
632 3872 724 3925 tuam
737 3863 808 3925 eius
823 3882 884 3925 nos
900 3861 1001 3925 facias
1016 3861 1189 3944 praecibus
1206 3857 1421 3924 adiuuari·

167 3968 234 4031 per.

699 4066 837 4134 Secreta.

212 4178 308 4243 Haec
323 4179 383 4244 tibi
398 4178 533 4244 domine
548 4199 729 4263 quesumus
743 4181 832 4247 beati
849 4180 1044 4245 cuthberhti.
1061 4180 1256 4247 sacerdotis¹
1272 4187 1421 4263 gratta

167 4266 325 4331 reddatur
353 4266 487 4331 oblatio.
518 4277 552 4330 et
589 4288 649 4351 per
687 4289 762 4332 eam
802 4266 967 4344 nostram†
990 4268 1134 4351 gloriosa
1165 4267 1407 4332 famulatur-11

169 4351 328 4437 purificet
344 4375 405 4438 per
419 4354 592 4419 dominum
608 4365 767 4420 nostrum.

428 4494 436 4523 ¹
454 4492 629 4543 Intercesn'onc
639 4492 730 4544 should
740 4493 863 4560 probably
872 4493 905 4543 be
916 4492 1031 4558 supplied
1042 4493 1109 4545 here.
