3046 5092
461 266 577 317 HEBD.
608 268 646 316 ΙΙ.
680 266 816 327 QUADR.
866 265 981 315 FERIA
1013 264 1051 314 ΙΙ.

601 434 633 498 A
637 436 665 498 d
674 435 903 517 complendum.

199 547 525 612 Sanctificationibus
562 549 628 611 tuis
666 549 879 629 omnipotens
917 547 1000 610 deus
1039 556 1074 610 et
1115 547 1199 610 uitia
1244 556 1359 610 nostra

156 646 317 699 curentur.
348 645 382 698 et
409 635 554 697 remedia
585 635 681 698 nobis
712 645 847 698 aeterna
869 634 1076 717 proueniant.
1100 655 1160 717 per
1182 635 1357 697 dominum

157 732 308 785 nostrum
325 723 429 785 iesum
446 720 615 786 christum.

547 880 620 942 Dra
636 893 827 943 nounucn
843 893 975 944 uncus.

203 993 296 1055 Deus
311 993 366 1074 qui
390 992 553 1074 conspicis
575 992 666 1054 omni
691 1012 751 1054 nos
774 992 898 1054 uirtute
920 991 1055 1055 destitui
1080 992 1216 1054 interius
1238 991 1363 1054 exteri·

159 1101 263 1160 usque
293 1080 432 1142 custodi.
469 1089 506 1141 ut
543 1079 586 1142 ab
623 1079 777 1141 omnibus
809 1079 1065 1141 aduersitatibus
1107 1081 1295 1141 muniamur
1327 1079 1361 1139 in

159 1186 296 1248 corpore
326 1176 360 1228 et
386 1186 406 1228 a
437 1167 547 1247 prauis
577 1165 834 1248 cogitationibus
865 1166 1065 1229 mundemur
1091 1167 1124 1229 in
1150 1175 1270 1228 mente.
1302 1184 1362 1247 per

160 1254 344 1316 dominum.

689 1354 827 1419 Secreta.

205 1459 380 1524 Sacrificiis
396 1459 624 1540 praesentibus
640 1459 776 1521 domine
791 1479 973 1541 quesumus
989 1459 1126 1523 intende
1142 1459 1305 1542 placatus.
1323 1467 1360 1522 ut

161 1556 194 1610 et
210 1548 381 1609 deuotioni
398 1556 529 1608 nostrae
545 1546 719 1628 proficiant
734 1555 768 1609 et
784 1547 891 1610 saluti.
908 1567 974 1629 per.

674 1683 851 1762 Praefatio.

206 1789 254 1851 tl)
282 1797 416 1850 aeterne
431 1785 520 1849 deus
562 1787 607 1849 Et
624 1785 832 1849 maiestatem
851 1795 942 1849 tuam
959 1786 1153 1869 suppliciter
1167 1806 1308 1849 exorare
1324 1795 1361 1849 ut

161 1875 329 1937 mentibus
354 1874 475 1936 nostris
500 1872 704 1935 medicinalis
728 1873 938 1950 obseruantie
962 1893 1082 1936 munus
1105 1873 1268 1936 infundas
1316 1873 1362 1936 Et

159 1963 216 2043 qui
248 1961 499 2042 neglegentibus
528 1960 629 2022 etiam
660 1957 821 2043 lsubsidia
855 1961 937 2023 [erre
967 1981 1034 2022 non
1058 1961 1181 2023 desinis
1205 1959 1262 2042 [so.
1284 1962 1359 2038 46v.

160 2047 320 2110 beneficia
351 2047 509 2130 praebeas
546 2047 676 2128 potiora
712 2047 853 2110 deuotis.
892 2067 951 2128 per
987 2045 1145 2110 christum
1184 2048 1360 2110 dominum

160 2144 318 2196 nostrum.

612 2235 675 2299 Ad
685 2236 909 2318 complendum.

204 2339 381 2423 Supplices
405 2349 438 2402 te
463 2360 618 2421 rogamus
642 2341 854 2421 omnipotens
882 2340 964 2402 deus
992 2348 1029 2403 ut
1052 2360 1136 2421 quos
1161 2340 1228 2402 tuis
1255 2339 1362 2403 reficis

160 2429 383 2490 sacramentis
421 2426 481 2489 tibi
520 2427 620 2489 etiarn
652 2426 781 2507 placitis
813 2427 958 2490 moribus
988 2427 1165 2510 dignanter
1194 2427 1364 2491 deseruire

161 2515 334 2576 concedas
352 2535 410 2594 per
425 2514 598 2576 dominum
616 2524 772 2576 nostrum.

683 2672 799 2734 Fauni
826 2672 870 2734 ll.

205 2799 339 2859 Praesta
366 2817 546 2879 quesumus
571 2798 784 2878 omnipotens
819 2797 900 2859 deus
926 2808 962 2859 ut
986 2798 1112 2860 familia
1134 2808 1199 2859 tua
1224 2817 1364 2879 quaese

160 2885 339 2965 affligendo
355 2904 452 2946 carne
469 2885 512 2946 ab
527 2885 693 2946 alimentis
709 2886 861 2947 abstinet.
879 2889 1039 2949 sectando
1054 2886 1214 2947 iustitiam
1231 2906 1252 2946 a
1264 2885 1364 2967 culpa

161 2974 291 3034 ieiunet.
309 2993 366 3053 per
382 2972 562 3034 dominum.

693 3074 828 3138 Secreta.

206 3178 299 3238 Haec
315 3176 422 3239 hostia
439 3178 573 3239 domine
590 3178 786 3260 placationis
802 3191 835 3242 et
852 3179 968 3242 laudis,
981 3189 1040 3241 tua
1051 3199 1111 3240 nos
1124 3178 1366 3260 propitiatione

158 3265 277 3345 dignos
293 3264 421 3326 efficiat.
437 3285 504 3345 per.

671 3369 851 3449 Praefatio.

205 3472 253 3533 (D
285 3481 416 3532 aeterne
447 3472 536 3533 deus.
594 3473 639 3535 Et
679 3475 837 3555 pietatem
876 3483 968 3535 tuam
1001 3471 1141 3554 supplici
1180 3471 1365 3535 deuotione

162 3558 339 3639 deposcere
365 3568 400 3618 ut
427 3558 536 3618 ieiunii
563 3561 667 3621 nostri
697 3561 866 3622 oblatione
894 3561 1051 3642 placatus.
1082 3569 1116 3620 et
1146 3570 1364 3640 peccatorum

161 3646 256 3706 nobis
287 3645 450 3706 concedas
481 3646 613 3707 ueniam
644 3656 678 3708 et
709 3668 768 3709 nos
798 3669 819 3709 a
845 3649 956 3710 noxiis
987 3647 1105 3709 liberes
1136 3646 1272 3708 insidiis.
1307 3668 1366 3728 per

160 3733 329 3796 mmmm

613 3837 674 3898 Ad
685 3837 909 3917 complendum.

207 3939 300 4000 Haec
328 3957 388 3999 nos
415 3939 605 4000 communio
630 3940 766 4003 domine
789 3951 908 4024 purget
931 3961 951 4002 a
977 3939 1122 4001 crimine.
1149 3948 1183 4000 et
1207 3939 1363 4005 caelestis

160 4027 296 4088 remedii
313 4024 411 4087 faciat
427 4045 499 4086 esse
514 4039 692 4090 consortes,
709 4049 773 4109 per.

623 4147 729 4230 Super
734 4150 897 4232 populum.

205 4249 334 4312 Adesto
358 4249 655 4330 supplicationibus
680 4254 800 4316 nostris
825 4254 1037 4334 omnipotens
1061 4250 1153 4312 deus.
1184 4260 1217 4311 et
1240 4250 1362 4330 quibus

159 4336 315 4399 fiduciam
342 4338 524 4417 sperandae
552 4339 684 4418 pietatis
712 4340 871 4420 indulges.
902 4349 1083 4402 consuetae
1114 4337 1360 4400 misericordiae

159 4423 266 4486 tribue
282 4424 444 4505 benignus
460 4423 623 4490 eflectum.
640 4447 698 4511 per
713 4428 895 4491 dominum.
