3046 5092
472 325 564 376 XVII.
592 325 677 375 ΚΑΙ.
705 324 778 377 IUL.
806 324 893 375 ΝΑΤ.
921 324 948 375 S.
980 323 1068 376 UITI.
1328 331 1374 383 179

705 489 844 555 Secreta.

216 598 408 665 Oblationis
423 610 555 666 nostrae
572 622 692 666 munus
707 611 766 665 tua
780 601 916 665 domine
932 611 965 665 et
980 601 1157 665 benedicat
1168 608 1203 662 et
1215 597 1373 678 suscipiat

170 686 320 751 dextera.
351 699 385 751 et
415 690 628 771 supplicante
658 698 774 752 sancto
804 689 953 752 barnaba
983 687 1138 769 apostolo
1167 683 1373 768 acceptabile

169 773 403 838 holocaustum
420 796 481 839 nos
497 776 556 839 tibi
573 796 741 859 praepara.
757 796 823 858 per.

681 895 861 975 Praefatio.

218 1007 268 1070 (Β
292 1027 351 1089 per
366 1006 525 1070 christum
542 1007 715 1070 dominum
733 1017 890 1071 nostrum.
937 1006 1040 1071 Cuius
1055 1005 1232 1069 clementia
1247 1000 1370 1066 aeccle·

171 1092 257 1155 siam
273 1095 435 1176 sanguine
451 1114 512 1157 suo
528 1094 735 1176 redemptam
752 1114 883 1175 semper
898 1094 1054 1175 dignetur
1068 1092 1259 1175 gubernare.
1271 1098 1371 1170 atque

173 1181 279 1242 sancti
306 1180 474 1244 barnabae
497 1180 640 1262 apostoli
677 1180 842 1263 suffragiis
868 1181 1089 1243 corroborare.
1116 1181 1309 1258 Prestetque
1335 1189 1371 1237 ut

173 1285 357 1348 numquam
374 1269 521 1349 patiatur
535 1269 675 1331 ruinam.
691 1287 777 1349 quae
793 1267 983 1349 apostolicis
999 1267 1156 1331 doctrinis
1168 1285 1204 1329 se
1214 1264 1372 1347 gloriatur

174 1352 357 1417 fundatam.
374 1374 432 1436 per
447 1374 556 1436 quem.

623 1473 685 1536 Ad
695 1472 919 1555 complendum.

219 1583 319 1667 Quod
335 1584 378 1649 de
393 1585 489 1649 altari
505 1595 564 1649 tuo
579 1584 715 1648 domine
739 1586 941 1666 sumpsimus
957 1605 1088 1666 semper
1104 1584 1197 1647 nobis
1213 1580 1372 1664 proficiat.

176 1681 210 1735 et
234 1672 443 1755 supplicante
470 1682 586 1736 sancto
611 1672 765 1754 apostolo
789 1672 937 1735 barnaba
963 1682 1041 1735 ante
1066 1671 1221 1734 thronum
1249 1668 1373 1751 gloriae

175 1768 253 1822 tuae
268 1761 413 1841 gaudere
429 1758 536 1823 saciat.
552 1779 611 1841 per
625 1759 808 1823 dominum.

653 1878 714 1941 Ad
725 1889 901 1961 uesperum.

220 1991 313 2054 Deus
325 1990 382 2072 qui
393 1992 584 2054 uniuersum
597 1990 711 2054 orbem
722 1990 882 2072 apostolis
893 1990 1111 2053 imbuendum
1124 1988 1373 2052 commendasti.

176 2075 228 2141 sac
252 2098 313 2140 nos
340 2076 429 2141 beati
460 2078 607 2155 barnabe
637 2076 780 2159 apostoli
811 2077 871 2140 tibi
898 2077 1123 2140 commendari
1151 2074 1323 2156 suffragiis.
1340 2085 1374 2137 et

177 2165 330 2246 praemiis
345 2165 462 2227 sociari
478 2165 655 2247 perpetuis.
672 2185 731 2247 per
745 2164 919 2227 dominum
937 2174 1095 2227 nostrum.

234 2371 271 2422 11.
296 2356 390 2421 Inus
416 2357 496 2422 itm.
522 2356 679 2420 Names
704 2356 942 2422 Sanctorum
967 2356 1156 2420 anmmrs
1180 2354 1318 2420 Cvmru

568 2445 734 2508 Nrmoms
758 2457 805 2505 nr
829 2443 997 2506 annmt.

220 2555 420 2621 Sanctorum
431 2555 578 2619 basilidis
588 2557 691 2637 cyrini
698 2553 886 2638 [naboriset
896 2555 1026 2617 nazarii.
1039 2575 1219 2637 quesumus
1232 2551 1288 2639 [fo.
1307 2559 1374 2618 128.

175 2644 311 2707 domine
328 2643 482 2705 natalicia
497 2642 593 2705 nobis
609 2643 725 2705 uotiua
740 2641 981 2724 resplendeant.
999 2651 1032 2705 et
1048 2641 1138 2723 quod
1156 2641 1218 2703 illis
1234 2643 1375 2706 contulit

174 2729 410 2793 excellentiam
427 2729 672 2811 sempiternam.
688 2728 848 2792 fructibus
859 2739 991 2792 nostrae
1000 2728 1187 2791 deuotionis
1198 2729 1377 2792 adcrescat.

172 2836 235 2899 per
249 2816 424 2880 dominum
440 2826 598 2879 nostrum.

709 2933 848 2999 Secreta.

218 3048 284 3111 Pro
299 3057 489 3111 sanctorum
521 3047 677 3111 basilidis.
708 3048 820 3128 cyrini.
852 3048 984 3111 naboris
1014 3058 1048 3111 et
1073 3049 1202 3111 nazarii.
1215 3049 1375 3131 sanguine

168 3136 368 3199 uenerando
392 3135 517 3198 hostias
549 3134 608 3198 tibi
643 3135 779 3197 domine
809 3134 1036 3216 sollempniter
1066 3135 1284 3198 immolamus.
1317 3147 1375 3200 tua

160 3221 341 3372 :pirabilia
355 3231 595 3302 pertractantes
618 3241 798 3303 perquem
823 3221 897 3285 talis
920 3233 971 3285 est
994 3222 1138 3304 perlecta
1155 3223 1300 3285 uictoria.
1318 3244 1376 3304 per

196 3327 360 3373 ommum.

627 3427 690 3492 Ad
698 3428 922 3511 complendum.

218 3539 361 3621 Semper
375 3540 510 3603 domine
530 3549 720 3604 sanctorum
745 3552 927 3623 martyrum
951 3541 1097 3605 basilidis
1113 3543 1225 3622 cyrini.
1242 3544 1375 3607 naboris

153 3638 205 3692 et
223 3626 347 3690 nazarii
362 3626 558 3708 sollempnia
573 3627 786 3691 celebramus.
803 3639 969 3692 uteorum
985 3629 1168 3711 patrocinia
1184 3632 1376 3695 sentiamus,

156 3730 242 3794 per.

276 3925 365 3974 xv11.
391 3912 481 3975 Kar.
507 3911 584 3975 lun.
610 3911 766 3975 NATALE
791 3912 931 3978 suren
957 3912 1045 3977 Um
1071 3914 1277 3979 Mnnmrms.

217 4040 274 4104 Da
289 4039 449 4103 ecclesiae
465 4050 543 4103 tuae
557 4040 692 4104 domine
714 4060 895 4122 quesumus
918 4051 1036 4105 sancto
1058 4042 1130 4106 ulto
1152 4043 1376 4108 intercedente

160 4127 317 4210 superbe
333 4146 400 4190 non
424 4146 547 4209 sapere.
564 4126 622 4189 sed
640 4128 698 4192 tibi
719 4127 842 4210 placita
864 4128 1052 4193 humilitate
1068 4129 1234 4211 prolicere.
1251 4141 1288 4194 ut
1302 4152 1376 4214 pro·

169 4211 503 4382 {eaturipgtedippriciens
542 4233 771 4295 quaecumque
808 4214 939 4278 natura²
976 4226 1054 4279 sunt
1092 4216 1194 4280 libera
1223 4229 1377 4282 exerceat

603 4418 611 4448 ¹
628 4419 663 4472 So
675 4420 731 4471 MS.
746 4418 785 4470 lor
790 4426 919 4485 protem.

599 4480 611 4515 ²
627 4488 663 4538 So
674 4485 731 4537 Ms.
745 4484 783 4536 l'or
794 4492 903 4536 matura.
