3046 5092
517 283 567 333 IN
591 282 717 333 ORDIN.
748 280 989 332 PRESBITERI.

384 472 503 535 Missa
528 482 570 533 ru
594 467 872 534 Onnrunrroua
896 466 1136 531 Puasmrmr.

197 603 290 666 Deus
304 602 361 683 qui
376 601 480 682 digne
495 599 555 662 tibi
570 597 784 661 seruientium
808 616 870 658 nos
893 595 1015 658 imitari
1030 596 1205 660 desideras
1228 596 1365 660 samula·

152 700 233 754 tum
249 690 294 752 da
310 688 406 750 nobis
422 686 569 750 caritatis
591 695 670 747 tuae
692 682 829 746 flamma
852 682 968 745 ardere
990 684 1168 747 succensis,
1186 693 1223 746 ut
1239 685 1365 747 antisti·

151 786 224 840 tum
254 776 356 838 decus
386 775 533 856 priorum
563 772 620 854 qui
658 771 719 833 tibi
749 769 946 853 placuerunt
976 789 1166 833 mereamur
1195 772 1361 835 consortia

153 863 313 926 obtinere.
329 882 389 945 per
403 861 587 924 dominum.

712 994 804 1057 Alia.

200 1110 308 1189 lDeus
324 1110 416 1172 cuius
438 1108 574 1171 arbitrio
596 1107 746 1169 omnium
763 1104 929 1168 caelorum
949 1106 1032 1168 ordo
1048 1105 1203 1169 decurrit
1221 1106 1278 1188 [fo.
1297 1122 1361 1187 173.

156 1198 282 1279 respice
312 1195 473 1277 propitius
498 1194 541 1256 ad
568 1194 672 1255 nostri
703 1193 862 1274 temporis
889 1201 1044 1255 aetatem.
1076 1203 1113 1256 ut
1138 1193 1201 1256 tibi
1225 1196 1362 1257 seruitus

156 1294 271 1347 nostra
285 1282 500 1364 complaceat.
516 1290 550 1343 et
563 1280 807 1343 misericordiae
829 1289 907 1341 tuae
930 1280 963 1341 in
987 1279 1084 1342 nobis
1099 1280 1193 1343 dona
1208 1282 1360 1344 concede.

156 1391 223 1454 per.

694 1501 830 1565 Secreta.

198 1617 306 1681 Aufer
321 1638 341 1679 a
356 1615 452 1678 nobis
466 1615 603 1678 domine
624 1615 777 1696 spiritum
800 1614 976 1696 superbiae
992 1616 1044 1677 cui
1061 1615 1197 1678 resistis.
1214 1625 1252 1678 ut
1267 1616 1361 1680 sacri·

152 1705 228 1769 ficia
244 1713 357 1767 nostra
372 1703 432 1766 tibi
447 1703 515 1765 sint
529 1722 661 1783 semper
676 1710 821 1783 accepta.
837 1722 903 1783 per.

671 1838 851 1920 Praefatio.

201 1953 251 2016 (l)
268 1960 402 2014 aeterne
411 1950 502 2012 deus.
533 1949 601 2032 Qui
611 1950 826 2012 dissimulatis
839 1951 984 2031 peccatis
997 1950 1165 2013 humanae
1176 1950 1364 2034 fragilitatis

157 2039 254 2102 nobis
295 2037 440 2119 indignis
481 2036 721 2099 sacerdotalem
761 2038 890 2099 confers
923 2038 1133 2119 dignitatem.
1181 2038 1238 2100 Da
1271 2038 1363 2101 nobis

156 2145 337 2207 quesumus
353 2134 390 2187 ut
405 2123 448 2186 ad
464 2132 676 2186 sacrosancta
697 2125 855 2204 mysteria
871 2124 1077 2187 immolando
1103 2124 1267 2188 sacrificia
1289 2144 1362 2187 cum

156 2211 373 2293 beneplacitis
389 2210 555 2273 mentibus
574 2210 676 2272 facias
698 2210 840 2273 introire.
863 2212 942 2291 quia
964 2220 1000 2273 tu
1016 2211 1106 2274 solus
1123 2212 1195 2274 sine
1212 2213 1364 2294 operibus

157 2299 244 2380 aptis
260 2297 417 2360 iustificas
432 2306 632 2379 peccatores
649 2307 685 2359 tu
701 2298 843 2379 gratiam
868 2307 1016 2378 praestas
1032 2299 1200 2380 benignus
1216 2296 1363 2381 ingratis.

156 2386 209 2448 Tu
225 2405 265 2447 ea
280 2404 365 2465 quae
382 2393 468 2446 retro
484 2394 562 2446 sunt
585 2383 735 2446 obliuisci
763 2384 925 2447 concedis.
942 2394 976 2447 et
999 2386 1042 2447 ad
1066 2386 1178 2465 priora
1203 2387 1364 2468 promissa

159 2472 317 2553 mysteria
333 2471 591 2533 clementissima
607 2471 847 2552 gubernatione
864 2472 1024 2552 perducis.
1040 2482 1074 2534 et
1091 2472 1175 2534 ideo,

623 2608 721 2688 Infra
737 2610 898 2671 actionem.

205 2721 303 2783 Hanc
321 2720 419 2799 igitur
435 2719 639 2781 oblationem
657 2721 824 2782 seruitutis
850 2732 981 2782 nostrae
998 2742 1098 2801 quam
1118 2721 1179 2782 tibi
1197 2722 1363 2785 offerimus

160 2810 192 2871 in
209 2809 263 2870 die
279 2808 457 2869 hodiernae
474 2806 739 2887 sollempnitatis
756 2828 822 2887 quo
847 2809 941 2869 nobis
970 2809 1115 2888 indignis
1143 2812 1365 2873 sacerdotales

158 2896 279 2957 insulas
304 2894 444 2956 tribuisti
467 2914 645 2973 quesumus
662 2894 796 2955 domine
813 2906 848 2956 ut
873 2894 1021 2975 placatus
1038 2896 1193 2977 accipias.
1210 2907 1245 2959 et
1263 2899 1295 2958 in
1313 2908 1365 2960 tua

159 2984 283 3064 pietate
310 3000 468 3043 conserua
493 2981 582 3060 quod
608 3000 643 3041 cs
668 2992 823 3061 operatus
849 2983 881 3041 in
908 2982 1010 3043 nobis.
1027 2983 1167 3062 diesque
1185 2995 1319 3047 nostros
1335 2987 1363 3045 in

158 3080 224 3132 tua.

615 3204 676 3265 rid
687 3206 912 3286 conplmdum.

203 3319 357 3400 Corporis
374 3317 456 3378 sacri
473 3326 506 3378 et
522 3318 678 3397 praetiosi
692 3319 861 3398 sanguinis
878 3318 992 3399 repleti
1010 3318 1170 3381 libamine
1187 3341 1365 3400 quesumus

159 3406 294 3468 domine
310 3407 391 3467 deus
404 3413 524 3465 noster.
541 3413 576 3464 ut
592 3405 718 3483 gratiae
742 3416 819 3465 tuae
844 3426 962 3465 munus
979 3406 1069 3485 quod
1087 3407 1187 3467 nobis
1206 3410 1361 3470 inmeritis

159 3493 336 3556 contulisti.
353 3492 577 3553 intercedente
599 3493 705 3553 beato.
730 3492 775 3553 ill.
793 3493 954 3573 propitius
977 3493 1161 3555 muniendo
1189 3498 1362 3559 custodias.

159 3601 217 3661 per
232 3581 428 3641 dominum.l

193 3805 200 3837 ¹
218 3810 283 3856 Four
295 3808 358 3855 lines
369 3807 398 3855 oi
406 3806 448 3855 the
459 3816 527 3856 recto
539 3808 588 3855 and
601 3807 643 3855 the
655 3807 736 3855 whole
748 3806 776 3855 ol
786 3807 827 3855 the
839 3824 910 3856 verso
922 3808 950 3855 ol
965 3807 1007 3855 sol.
1025 3819 1053 3868 17
1056 3821 1069 3869 3
1081 3811 1179 3858 arelefi
1190 3811 1278 3860 blank.
1313 3810 1360 3859 The

158 3874 248 3924 Votise
261 3875 357 3921 Messes
369 3874 442 3936 begin
455 3889 488 3922 on
500 3873 542 3922 iol.
557 3884 611 3934 174,
626 3873 668 3922 the
680 3872 731 3922 first
743 3873 833 3922 collect
846 3874 921 3938 being
933 3873 1031 3922 written
1052 3875 1076 3922 iu
1096 3875 1157 3938 gold
1170 3876 1267 3938 letters,
1282 3876 1358 3926 within

158 3957 190 3990 an
203 3939 359 3989 ornamental
371 3939 469 3987 border.
