3046 5092
432 334 460 384 V.
490 334 579 386 NON.
609 335 691 385 MAI.
721 334 879 387 INUENT.
908 335 938 387 S.
970 333 1110 386 CRUCIS.
1319 344 1365 399 173

698 527 834 592 Secreta.

213 638 353 703 Hostias
379 648 510 702 nostras
533 659 713 721 quesumus
735 639 870 702 domine
885 650 1020 703 sanctus
1035 639 1187 723 pontifex
1204 641 1365 705 iuuenalis

167 727 295 790 nomini
333 736 392 789 tuo
422 726 541 788 reddat
574 736 736 809 acceptas.
770 727 912 808 quietas¹
943 726 1002 789 tibi
1032 727 1134 809 digne
1164 727 1365 810 complacuit

166 810 381 888 offerendas.†
395 833 454 895 per
468 814 641 876 dominum
658 823 816 876 nostrum.

621 966 683 1028 Ad
692 966 917 1047 conplendum.

212 1077 308 1141 Laeti
338 1077 473 1140 domine
503 1078 705 1159 sumpsimus
742 1087 950 1141 sacramenta
979 1076 1141 1140 caelestia.
1172 1098 1237 1159 que
1268 1080 1364 1143 nobis

167 1164 395 1228 intercedente
428 1165 527 1227 beato
559 1166 711 1228 iuuenale
748 1163 936 1227 consessore
967 1173 1025 1227 tuo
1062 1174 1162 1245 atque
1199 1165 1363 1246 pontifice.

165 1252 299 1315 uberius
314 1250 512 1314 confidimus
527 1250 706 1333 profutura.
722 1272 788 1335 per.

356 1492 495 1556 Eoosm
520 1493 592 1555 Dus
617 1493 810 1557 qusumo
835 1492 1009 1557 Snucrme
1032 1492 1179 1559 Caucffi.

213 1620 306 1682 Deus
330 1621 386 1702 qui
413 1621 446 1683 in
470 1620 639 1704 praeclara
662 1621 829 1684 salutifere
852 1622 957 1684 crucis
983 1622 1176 1685 inuentione
1200 1622 1363 1704 passionis

166 1714 247 1771 tuae
263 1707 421 1770 miracula
436 1709 611 1772 suscitasti.
628 1710 773 1771 concede
789 1718 826 1771 ut
841 1709 951 1771 uitalis
961 1707 1069 1790 ligno†
1083 1709 1218 1790 praetio.
1230 1719 1364 1787 aeterne

167 1793 260 1857 uitae
275 1792 431 1876 suffragia
446 1815 696 1877 consequamur.
712 1815 771 1876 per
784 1795 957 1858 dominum
974 1804 1131 1859 nostrum.

696 1952 833 2016 Secreta.

214 2061 419 2129 Sacrificium
436 2064 571 2127 domine
593 2067 683 2146 quod
707 2064 919 2127 immolamus
941 2063 1091 2146 placatus
1110 2064 1252 2127 intende.
1269 2073 1306 2129 ut
1320 2064 1365 2128 ab

169 2149 326 2213 omnibus
342 2160 446 2214 exuat
458 2151 620 2214 bellorum
636 2152 798 2233 nequitiis.
811 2162 845 2213 et
860 2171 919 2232 per
933 2151 1095 2214 uexillum
1111 2161 1245 2214 sanctae
1261 2153 1365 2215 crucis

170 2235 228 2300 filii
255 2238 312 2300 tui.
339 2238 381 2299 ad
409 2235 642 2319 conlterendas
665 2239 840 2320 potestatis
862 2239 1022 2301 aduersae
1046 2239 1190 2300 insidias.
1219 2236 1275 2323 [lo
1296 2255 1362 2319 124

169 2341 232 2387 nos
246 2323 279 2386 in
297 2333 373 2386 tuae
389 2325 604 2406 protectionis
619 2326 795 2387 securitate
810 2325 998 2387 constituat.
1014 2344 1080 2404 per.

680 2485 859 2565 Praesatr'o.

214 2598 263 2661 ff)
288 2607 422 2660 aeterne
445 2597 537 2660 deus.
584 2594 805 2681 Prae[ci²]pue
834 2597 866 2658 in
894 2595 949 2659 die
979 2595 1042 2657 ista
1072 2596 1104 2657 in
1135 2616 1202 2678 qua
1232 2596 1289 2659 filii
1316 2598 1364 2661 tui

169 2683 332 2766 unigeniti
348 2705 368 2745 a
384 2685 510 2746 iudaeis
525 2683 677 2747 abditum
702 2684 882 2764 gloriosum
908 2682 1080 2744 inuentum
1102 2693 1152 2744 est
1179 2684 1364 2765 tropheum.

168 2771 225 2854 qui
241 2770 439 2852 protoplasti
456 2771 581 2834 sacinus
594 2790 652 2852 per
667 2768 747 2851 ligni
763 2770 856 2832 uetiti
873 2780 1018 2850 gustum.
1034 2768 1180 2831 humano
1197 2771 1228 2831 in
1245 2791 1365 2852 genere

164 2856 348 2921 diriuatum
365 2857 488 2920 deleuit
503 2877 542 2919 ac
558 2877 616 2939 per
631 2857 719 2920 idern
734 2856 859 2937 lignum
871 2856 975 2919 crucis
991 2855 1088 2917 simul
1104 2876 1237 2937 quoque
1253 2869 1366 2921 nostra

164 2962 282 3007 secum
298 2943 439 3006 christus
462 2943 582 3007 adfixit
597 2943 726 3006 delicta
773 2942 874 3006 Cuius
897 2952 1017 3024 typum
1033 2943 1127 3023 uirga
1149 2945 1262 3006 tenuit.
1279 2964 1366 3026 quae

161 3041 200 3095 et
216 3039 389 3113 separatas
413 3032 564 3112 aequoris
590 3031 704 3093 undas.
720 3039 754 3092 et
778 3031 866 3091 uiam
892 3029 1016 3111 populo
1033 3030 1139 3110 moysi
1156 3031 1365 3111 praeparauit

158 3136 349 3181 saecuram.
405 3117 466 3178 Per
496 3117 589 3180 cuius
619 3136 752 3198 quoque
778 3116 938 3178 umbram.
969 3136 1086 3198 aspera
1117 3136 1204 3178 mors
1234 3117 1366 3199 populis

154 3202 259 3288 ligno
288 3203 433 3268 deducta
462 3203 611 3266 cucurrit.
667 3203 705 3265 In
743 3222 811 3284 quo
847 3203 995 3284 pendens
1032 3203 1223 3284 redemptor
1260 3204 1365 3267 sactus

159 3289 396 3356 maledictum.
422 3299 460 3353 ut
486 3289 546 3372 [αθ]
571 3288 748 3352 maledicto
774 3309 835 3351 nos
859 3290 999 3371 eriperet
1022 3288 1113 3370 legis.
1159 3288 1261 3353 Cuius
1285 3291 1365 3371 ligni

156 3376 338 3460 mysteriis
364 3376 484 3438 saluari
514 3377 679 3440 credimus
715 3395 839 3438 omnes,
871 3385 907 3438 ut
944 3395 1020 3437 cum
1050 3376 1206 3438 omnibus
1243 3378 1365 3440 sanctis

155 3462 472 3545 compraehendere
498 3462 676 3526 ualeamus.
702 3482 788 3543 quae
810 3462 854 3524 sit
875 3460 1025 3524 latitudo,
1041 3460 1223 3543 longitudo,
1240 3474 1273 3526 et
1289 3464 1365 3526 sub-

155 3548 295 3615 limitas
310 3559 344 3611 et
359 3548 568 3630 profundum.
616 3549 654 3611 ln
681 3548 800 3629 quibus
823 3547 1003 3630 gloriamur
1025 3547 1169 3610 iustitiae
1192 3551 1292 3612 armis
1307 3571 1367 3633 per

152 3656 270 3722 quam
295 3635 391 3697 nobis
415 3634 591 3699 crucifixus
618 3645 669 3698 est
694 3637 845 3697 mundus.
861 3644 895 3696 et
911 3654 971 3697 nos
994 3633 1217 3715 crucifigimur
1240 3638 1365 3699 mundo

155 3741 236 3808 quo
262 3722 361 3803 signo
393 3722 514 3784 inimici
539 3722 692 3805 pellimus
721 3721 795 3784 tela
826 3730 1011 3802 cunctaque
1040 3721 1148 3783 iacula
1176 3723 1366 3787 calliditatis

156 3807 362 3883 solubriterl
383 3809 607 3872 extrudentes.
626 3808 775 3891 expediti
798 3806 1015 3888 compedibus
1037 3807 1101 3871 hoc
1124 3808 1230 3871 fronte
1254 3819 1366 3873 nostra

159 3896 305 3960 terimus
342 3895 482 3976 signum.
551 3895 662 3959 Huius
697 3894 804 3958 tutela
840 3892 963 3958 confisi.
1001 3894 1118 3957 callem
1156 3895 1367 3976 aggredimur

160 3990 313 4047 tenuem.
330 4001 390 4063 per
404 4001 504 4063 quem
519 3983 561 4046 de
575 3990 720 4045 torrente
735 3983 768 4043 in
784 3981 839 4043 uia
854 3981 937 4043 bibit
957 3980 1109 4044 saluator.
1127 3992 1261 4063 propter
1276 3983 1366 4064 quod

166 4068 314 4132 multum
330 4088 350 4131 a
364 4069 458 4131 terris
471 4068 503 4131 in
519 4069 660 4133 dextera
675 4076 734 4131 tua
749 4076 897 4130 nostrum
908 4066 1008 4130 subiit
1024 4077 1134 4149 caput.
1149 4079 1183 4131 et
1199 4069 1274 4132 ideo
1289 4089 1365 4132 cum

165 4154 305 4238 angelis.

297 4368 309 4470 l
324 4371 540 4488 ffilss'ollllfilfi
547 4388 635 4489 mis

298 4475 1136 4569 ⁸rss=01dnns0miaee‚pempssyneongrmsane
