3046 5092
420 344 735 396 BENEDICTIONES
754 344 803 396 IN
820 346 1073 398 MONASTERIO.
1303 357 1352 410 277

551 500 635 565 Post
646 500 859 583 aspersionem
873 521 962 583 aque.

200 611 336 675 Exaudi
362 631 423 675 nos
446 612 583 677 domine
606 623 742 677 sanctae
768 622 863 696 pater
885 612 1097 696 omnipotens
1112 622 1246 678 aeterne
1260 612 1351 676 deus.

155 707 190 761 et
221 699 352 762 mittere
389 700 526 782 dignare
562 699 718 782 angelum
755 709 850 763 tuum
887 710 1040 763 sanctum
1077 701 1120 764 de
1156 700 1264 765 caelis.
1294 701 1350 781 qui

155 786 323 849 custodiat
348 786 461 848 foueat
485 794 638 868 protegat
662 786 775 850 uisitet
801 796 835 850 et
858 787 1017 850 defendat
1032 807 1148 850 omnes
1163 787 1353 851 habitantes

156 872 191 935 in
206 872 270 934 hoc
285 871 482 936 habitaculo.
499 893 559 955 per
572 873 756 937 dominum.

712 1008 805 1075 Alia.

202 1119 347 1183 Benedic
363 1121 497 1184 domine
523 1120 604 1185 deus
631 1124 844 1206 omnipotens
860 1122 968 1185 locum
985 1122 1084 1185 istum
1101 1132 1138 1186 ut
1153 1122 1196 1185 sit
1211 1121 1307 1185 nobis
1323 1123 1356 1184 in

158 1226 200 1269 eo
223 1208 355 1271 sanitas.
371 1209 537 1271 sanctitas.
554 1217 587 1273 et
611 1210 755 1272 castitas.
779 1210 883 1272 uirtus
906 1210 1052 1273 uictoria.
1068 1218 1102 1272 et
1127 1210 1357 1273 sanctimonia.

158 1303 193 1357 et
219 1293 396 1357 humilitas.
412 1305 446 1359 et
470 1294 609 1359 bonitas.
625 1305 660 1359 et
685 1297 913 1360 mansuetudo.
930 1307 964 1360 et
991 1294 1132 1379 lenitas!
1154 1305 1188 1359 et
1210 1295 1266 1379 [fo.
1284 1312 1356 1359 200.

160 1378 334 1462 plenitudo
372 1382 453 1463 legis
483 1392 517 1445 et
550 1382 763 1447 oboedientia
792 1384 856 1447 deo
887 1383 972 1465 patri
1003 1394 1036 1446 et
1067 1382 1134 1445 filio
1164 1392 1198 1446 et
1228 1383 1356 1465 spiritui

159 1477 285 1530 sancto.
309 1478 343 1530 et
369 1469 413 1531 sit
436 1489 568 1551 semper
593 1469 781 1534 benedictio
805 1490 905 1552 super
930 1469 1018 1533 hunc
1049 1470 1168 1533 locum.
1195 1478 1228 1532 et
1258 1489 1357 1551 super

160 1553 350 1616 habitantes
365 1555 399 1617 in
415 1574 463 1618 eo.
480 1576 539 1639 per
553 1555 727 1619 dominum
743 1566 901 1619 nostrum.

712 1692 805 1756 Alia.

205 1793 341 1857 Exaudi
358 1814 418 1858 nos
433 1795 568 1859 domine
590 1805 686 1879 pater
708 1796 921 1879 omnipotens
943 1805 1076 1859 aeterne
1091 1795 1182 1858 deus.
1198 1805 1235 1858 ut
1250 1795 1276 1857 si
1293 1815 1360 1876 qua

160 1891 239 1943 sunt
269 1881 409 1944 aduersa
437 1883 466 1945 si
497 1903 564 1965 qua
594 1884 758 1947 contraria
784 1884 817 1946 in
845 1881 924 1958 hact
953 1883 1130 1945 secretario
1159 1881 1359 1945 famulorum

160 1976 305 2031 tuorum.
320 1969 518 2032 auctoritate
534 1970 717 2034 maiestatis
732 1979 810 2033 tuae
823 1969 996 2052 pellantur.
1014 1989 1079 2051 per.

206 2052 405 2118 Sacerdotes
419 2055 468 2119 tui
483 2055 626 2119 domine

206 2139 431 2223 Omnipotens
446 2151 481 2205 et
496 2142 680 2206 misericors
695 2142 785 2206 deus.
801 2142 857 2225 qui
884 2143 1093 2206 sacerdotum
1121 2139 1302 2204 ministerio
1318 2141 1360 2204 ad

161 2227 223 2291 tibi
262 2228 482 2293 seruiendum.
519 2238 553 2292 et
598 2229 852 2312 supplicandum
899 2230 946 2292 uti
991 2229 1145 2311 dignaris.
1182 2246 1362 2310 quesumus

161 2315 349 2377 inmensam
365 2314 575 2379 clementiam
600 2326 702 2380 tuam.
718 2331 755 2379 ut
770 2316 927 2398 quicquid
944 2318 1046 2379 modo
1068 2315 1231 2378 uisitaturi
1247 2334 1361 2377 sumus

162 2401 286 2465 uisites.
301 2401 458 2484 quicquid
482 2402 686 2465 benedicturi
709 2422 823 2465 sumus
846 2402 1032 2466 benedicas.
1048 2403 1156 2484 sitque
1171 2401 1214 2464 ad
1230 2411 1363 2464 nostrae

163 2487 362 2551 humilitatis
376 2488 558 2552 introitum.
568 2499 759 2553 sanctorum
769 2499 902 2553 tuorum
914 2490 1047 2553 meritis.
1063 2488 1142 2571 suga
1150 2489 1363 2551 doemonum.

163 2574 274 2656 angeli
290 2576 381 2656 pacis
397 2575 571 2659 ingressus.
587 2596 653 2658 per.

558 2703 674 2768 Oratio
697 2703 733 2766 in
754 2703 966 2769 Dormiton'o.

210 2804 300 2868 Ecce
315 2825 382 2869 non
398 2806 602 2871 dormitabit.

208 2892 356 2956 Benedic
371 2893 506 2956 domine
521 2894 585 2957 hoc
601 2893 801 2958 famulorum
824 2902 957 2958 tuorum
973 2893 1202 2957 dormitorium
1219 2892 1275 2974 qui
1292 2912 1360 2955 non

164 2978 290 3043 dormis
306 2999 414 3062 neque
435 2981 597 3045 dormitas
612 2983 668 3063 qui
685 2981 831 3044 custodis
854 2980 980 3043 israhel.
998 2979 1138 3044 famulos
1161 2989 1237 3043 tuos
1253 2980 1285 3041 in
1301 2980 1364 3042 hac

165 3066 268 3129 domo
291 3067 499 3148 quiescentes
522 3077 599 3150 post
621 3068 778 3132 laborem.
794 3068 924 3131 custodi
940 3067 984 3130 ab
1004 3066 1211 3129 illusionibus
1227 3075 1364 3129 satanae

167 3151 444 3234 phantasmaticis
467 3154 645 3236 uigilantes
674 3155 708 3217 in
738 3154 924 3237 praeceptis
954 3153 1019 3217 tuis
1050 3154 1257 3216 meditentur.
1289 3152 1364 3214 dor-

168 3240 309 3302 mientes
324 3249 358 3303 te
373 3261 433 3322 per
446 3260 600 3323 soporem
611 3241 756 3305 sentiant
772 3241 873 3304 ethic
889 3250 924 3304 et
939 3241 1061 3322 ubique
1070 3239 1272 3304 defensionis
1288 3248 1364 3302 tuae

166 3326 293 3389 auxilio
309 3327 509 3391 muniantur.
525 3348 590 3410 per.

635 3447 678 3510 In
699 3447 888 3529 Refectorio.

210 3548 344 3612 Timete
359 3549 533 3613 dominum
549 3570 674 3614 omnes.

211 3635 436 3718 Omnipotens
452 3646 486 3699 et
503 3637 686 3700 misericors
708 3638 798 3701 deus.
815 3637 872 3720 qui
888 3635 1030 3699 famulos
1045 3646 1121 3700 tuos
1137 3634 1170 3697 in
1186 3635 1247 3698 hac
1263 3635 1366 3698 domo

169 3721 229 3785 alis
253 3721 432 3786 refectione
455 3723 588 3787 carnali.
615 3723 738 3806 cybum
763 3723 816 3788 uel
842 3734 960 3806 potum
985 3733 1019 3786 te
1048 3723 1265 3786 benedicente
1289 3741 1365 3784 cum

169 3809 349 3891 gratiarum
383 3810 514 3874 actione
543 3811 735 3893 percipiant.
761 3820 796 3874 et
826 3810 959 3873 caelesti
998 3829 1111 3872 mense
1148 3807 1302 3871 conuiuio
1332 3808 1366 3870 in

170 3904 304 3959 aeterna
318 3895 478 3960 claritatis
492 3897 616 3977 gaudia
631 3897 794 3960 laetantes
809 3897 1008 3979 participare
1024 3904 1217 3958 mereantur.
1234 3915 1300 3977 per.

641 4033 684 4096 In
708 4032 893 4116 Sen'ptorrh.

214 4144 368 4208 Laudem
384 4143 511 4207 domini
527 4143 688 4226 loquetur.

212 4230 415 4294 Benedicere
452 4230 599 4313 digneris
636 4230 771 4295 domine
815 4230 878 4293 hoc
921 4228 1130 4312 scriptorium
1168 4226 1367 4291 famulorum

170 4324 312 4381 tuorum.
327 4327 362 4381 et
377 4336 494 4380 omnes
517 4316 707 4382 habitantes
731 4317 765 4381 in
789 4337 837 4381 eo.
863 4326 900 4380 ut
923 4316 1080 4399 quicquid
1096 4315 1149 4378 hic
1164 4312 1367 4399 [diuinarum

170 4403 408 4486 scripturarum
432 4402 538 4467 abeis
554 4402 677 4468 lectum
694 4403 747 4467 uel
770 4405 929 4487 scriptum
946 4403 1043 4467 suerit
1069 4421 1167 4465 sensu
1192 4400 1249 4483 [so.
1275 4416 1369 4465 zoov.

170 4492 307 4574 capiant
321 4509 421 4575 opere
436 4488 617 4573 perficiant
632 4511 692 4575 per
707 4491 892 4554 dominum.
