<?xml version="1.0" encoding="UTF-8"?>
<!DOCTYPE html PUBLIC "-//W3C//DTD XHTML 1.0 Transitional//EN"
    "http://www.w3.org/TR/xhtml1/DTD/xhtml1-transitional.dtd">
<html xmlns="http://www.w3.org/1999/xhtml" xml:lang="en" lang="en">
 <head>
  <title>
</title>
<meta http-equiv="Content-Type" content="text/html;charset=utf-8" />
  <meta name='ocr-system' content='tesseract 3.04.00' />
  <meta name='ocr-capabilities' content='ocr_page ocr_carea ocr_par ocr_line ocrx_word'/>
</head>
<body>
  <div class='ocr_page' id='page_1' title='image "./missalrobertjum01wilsgoog_0179.png"; bbox 0 0 3046 5092; ppageno 0'>
   <div class='ocr_carea' id='block_1_1' title="bbox 522 323 945 375">
    <p class='ocr_par' dir='ltr' id='par_1_1' title="bbox 522 323 945 375">
     <span class='ocr_line' id='line_1_1' title="bbox 522 323 945 375; baseline 0.002 -2"><span class='ocrx_word' id='word_1_1' title='bbox 522 323 639 373; x_wconf 80' lang='lat' dir='ltr'><em>FERIA</em></span> <span class='ocrx_word' id='word_1_2' title='bbox 663 324 734 374; x_wconf 91' lang='lat' dir='ltr'><em>IIII.</em></span> <span class='ocrx_word' id='word_1_3' title='bbox 760 323 808 373; x_wconf 83' lang='lat' dir='ltr'><strong>IN</strong></span> <span class='ocrx_word' id='word_1_4' title='bbox 827 324 945 375; x_wconf 77' lang='lat' dir='ltr'><em>ALBIS.</em></span> 
     </span>
    </p>
   </div>
   <div class='ocr_carea' id='block_1_2' title="bbox 597 516 875 597">
    <p class='ocr_par' dir='ltr' id='par_1_2' title="bbox 597 516 875 597">
     <span class='ocr_line' id='line_1_2' title="bbox 597 516 875 597; baseline 0.007 -17"><span class='ocrx_word' id='word_1_5' title='bbox 597 516 697 597; x_wconf 84' lang='lat' dir='ltr'><strong>Infra</strong></span> <span class='ocrx_word' id='word_1_6' title='bbox 712 517 875 584; x_wconf 81' lang='lat' dir='ltr'><em>actionem.</em></span> 
     </span>
    </p>
   </div>
   <div class='ocr_carea' id='block_1_3' title="bbox 176 628 646 799">
    <p class='ocr_par' dir='ltr' id='par_1_3' title="bbox 176 628 646 799">
     <span class='ocr_line' id='line_1_3' title="bbox 176 628 646 711; baseline 0.006 -19"><span class='ocrx_word' id='word_1_7' title='bbox 176 628 473 693; x_wconf 86' lang='lat' dir='ltr'><strong>Communicantes</strong></span> <span class='ocrx_word' id='word_1_8' title='bbox 488 639 526 691; x_wconf 85' lang='lat' dir='ltr'><strong>ut</strong></span> <span class='ocrx_word' id='word_1_9' title='bbox 538 639 646 711; x_wconf 83' lang='lat' dir='ltr'><strong>supra.</strong></span> 
     </span>
     <span class='ocr_line' id='line_1_4' title="bbox 178 715 566 799; baseline 0.005 -22"><span class='ocrx_word' id='word_1_10' title='bbox 178 715 278 779; x_wconf 88' lang='lat' dir='ltr'><strong>Hanc</strong></span> <span class='ocrx_word' id='word_1_11' title='bbox 295 719 395 798; x_wconf 84' lang='lat' dir='ltr'><strong>igitur</strong></span> <span class='ocrx_word' id='word_1_12' title='bbox 410 727 566 799; x_wconf 78' lang='lat' dir='ltr'><strong>utsupra.</strong></span> 
     </span>
    </p>
   </div>
   <div class='ocr_carea' id='block_1_4' title="bbox 587 841 884 925">
    <p class='ocr_par' dir='ltr' id='par_1_4' title="bbox 587 841 884 925">
     <span class='ocr_line' id='line_1_5' title="bbox 587 841 884 925; baseline 0.007 -21"><span class='ocrx_word' id='word_1_13' title='bbox 587 841 651 904; x_wconf 88' lang='lat' dir='ltr'><strong>Ad</strong></span> <span class='ocrx_word' id='word_1_14' title='bbox 660 843 884 925; x_wconf 81' lang='lat' dir='ltr'><strong>complendum.</strong></span> 
     </span>
    </p>
   </div>
   <div class='ocr_carea' id='block_1_5' title="bbox 130 953 1339 1191">
    <p class='ocr_par' dir='ltr' id='par_1_5' title="bbox 130 953 1339 1191">
     <span class='ocr_line' id='line_1_6' title="bbox 175 953 1337 1038; baseline -0.001 -20"><span class='ocrx_word' id='word_1_15' title='bbox 175 953 330 1018; x_wconf 88' lang='lat' dir='ltr'>Concede</span> <span class='ocrx_word' id='word_1_16' title='bbox 353 975 534 1036; x_wconf 84' lang='lat' dir='ltr'>quesumus</span> <span class='ocrx_word' id='word_1_17' title='bbox 558 956 770 1037; x_wconf 90' lang='lat' dir='ltr'><strong>omnipotens</strong></span> <span class='ocrx_word' id='word_1_18' title='bbox 794 959 886 1019; x_wconf 74' lang='lat' dir='ltr'><strong>deus·</strong></span> <span class='ocrx_word' id='word_1_19' title='bbox 911 964 949 1018; x_wconf 89' lang='lat' dir='ltr'><strong>ut</strong></span> <span class='ocrx_word' id='word_1_20' title='bbox 977 955 1141 1038; x_wconf 89' lang='lat' dir='ltr'><strong>paschalis</strong></span> <span class='ocrx_word' id='word_1_21' title='bbox 1168 955 1337 1038; x_wconf 86' lang='lat' dir='ltr'><strong>perceptio</strong></span> 
     </span>
     <span class='ocr_line' id='line_1_7' title="bbox 130 1043 1339 1126; baseline 0.002 -24"><span class='ocrx_word' id='word_1_22' title='bbox 130 1043 339 1104; x_wconf 75' lang='lat' dir='ltr'><strong>sacramenti.</strong></span> <span class='ocrx_word' id='word_1_23' title='bbox 385 1044 543 1105; x_wconf 91' lang='lat' dir='ltr'><strong>continua</strong></span> <span class='ocrx_word' id='word_1_24' title='bbox 586 1043 620 1105; x_wconf 93' lang='lat' dir='ltr'><strong>in</strong></span> <span class='ocrx_word' id='word_1_25' title='bbox 665 1043 785 1105; x_wconf 89' lang='lat' dir='ltr'><strong>nostris</strong></span> <span class='ocrx_word' id='word_1_26' title='bbox 830 1044 996 1106; x_wconf 91' lang='lat' dir='ltr'><strong>mentibus</strong></span> <span class='ocrx_word' id='word_1_27' title='bbox 1041 1055 1236 1126; x_wconf 88' lang='lat' dir='ltr'><strong>perseueret.</strong></span> <span class='ocrx_word' id='word_1_28' title='bbox 1280 1063 1339 1125; x_wconf 89' lang='lat' dir='ltr'><strong>pcr</strong></span> 
     </span>
     <span class='ocr_line' id='line_1_8' title="bbox 132 1129 316 1191; baseline 0 0"><span class='ocrx_word' id='word_1_29' title='bbox 132 1129 316 1191; x_wconf 90' lang='lat' dir='ltr'><strong>dominum.</strong></span> 
     </span>
    </p>
   </div>
   <div class='ocr_carea' id='block_1_6' title="bbox 619 1234 864 1323">
    <p class='ocr_par' dir='ltr' id='par_1_6' title="bbox 619 1234 864 1323">
     <span class='ocr_line' id='line_1_9' title="bbox 619 1234 864 1323; baseline 0.008 -20"><span class='ocrx_word' id='word_1_30' title='bbox 619 1234 681 1303; x_wconf 77' lang='lat' dir='ltr'><strong>&#39;Ad</strong></span> <span class='ocrx_word' id='word_1_31' title='bbox 691 1252 864 1323; x_wconf 83' lang='lat' dir='ltr'><strong>uesperum.</strong></span> 
     </span>
    </p>
   </div>
   <div class='ocr_carea' id='block_1_7' title="bbox 132 1351 1339 1590">
    <p class='ocr_par' dir='ltr' id='par_1_7' title="bbox 132 1351 1339 1590">
     <span class='ocr_line' id='line_1_10' title="bbox 177 1351 1339 1435; baseline -0.003 -18"><span class='ocrx_word' id='word_1_32' title='bbox 177 1352 332 1417; x_wconf 87' lang='lat' dir='ltr'><strong>Concede</strong></span> <span class='ocrx_word' id='word_1_33' title='bbox 342 1373 521 1435; x_wconf 88' lang='lat' dir='ltr'>quesumus</span> <span class='ocrx_word' id='word_1_34' title='bbox 534 1353 744 1434; x_wconf 91' lang='lat' dir='ltr'><strong>omnipotens</strong></span> <span class='ocrx_word' id='word_1_35' title='bbox 754 1354 844 1416; x_wconf 91' lang='lat' dir='ltr'><strong>deus.</strong></span> <span class='ocrx_word' id='word_1_36' title='bbox 856 1363 891 1416; x_wconf 94' lang='lat' dir='ltr'><strong>ut</strong></span> <span class='ocrx_word' id='word_1_37' title='bbox 903 1354 959 1435; x_wconf 95' lang='lat' dir='ltr'><strong>qui</strong></span> <span class='ocrx_word' id='word_1_38' title='bbox 976 1351 1140 1434; x_wconf 90' lang='lat' dir='ltr'><strong>paschalis</strong></span> <span class='ocrx_word' id='word_1_39' title='bbox 1151 1352 1339 1416; x_wconf 88' lang='lat' dir='ltr'><strong>iestiuitatis</strong></span> 
     </span>
     <span class='ocr_line' id='line_1_11' title="bbox 132 1439 1338 1523; baseline -0.001 -22"><span class='ocrx_word' id='word_1_40' title='bbox 132 1439 331 1522; x_wconf 87' lang='lat' dir='ltr'><strong>sollempnia</strong></span> <span class='ocrx_word' id='word_1_41' title='bbox 353 1441 499 1503; x_wconf 90' lang='lat' dir='ltr'><strong>colimus.</strong></span> <span class='ocrx_word' id='word_1_42' title='bbox 523 1441 556 1502; x_wconf 92' lang='lat' dir='ltr'><strong>in</strong></span> <span class='ocrx_word' id='word_1_43' title='bbox 580 1450 638 1503; x_wconf 90' lang='lat' dir='ltr'><strong>tua</strong></span> <span class='ocrx_word' id='word_1_44' title='bbox 659 1460 790 1522; x_wconf 90' lang='lat' dir='ltr'><strong>semper</strong></span> <span class='ocrx_word' id='word_1_45' title='bbox 812 1440 1072 1504; x_wconf 87' lang='lat' dir='ltr'><strong>sanctificatione</strong></span> <span class='ocrx_word' id='word_1_46' title='bbox 1095 1442 1255 1504; x_wconf 88' lang='lat' dir='ltr'><strong>uiuamus.</strong></span> <span class='ocrx_word' id='word_1_47' title='bbox 1279 1461 1338 1523; x_wconf 93' lang='lat' dir='ltr'><strong>per</strong></span> 
     </span>
     <span class='ocr_line' id='line_1_12' title="bbox 132 1526 483 1590; baseline 0.006 -2"><span class='ocrx_word' id='word_1_48' title='bbox 132 1526 307 1589; x_wconf 91' lang='lat' dir='ltr'><strong>dominum</strong></span> <span class='ocrx_word' id='word_1_49' title='bbox 324 1536 483 1590; x_wconf 89' lang='lat' dir='ltr'><strong>nostrum.</strong></span> 
     </span>
    </p>
   </div>
   <div class='ocr_carea' id='block_1_8' title="bbox 641 1640 832 1720">
    <p class='ocr_par' dir='ltr' id='par_1_8' title="bbox 641 1640 832 1720">
     <span class='ocr_line' id='line_1_13' title="bbox 641 1640 832 1720; baseline 0.01 -17"><span class='ocrx_word' id='word_1_50' title='bbox 641 1640 832 1720; x_wconf 73' lang='lat' dir='ltr'><strong>adfantes.</strong></span> 
     </span>
    </p>
   </div>
   <div class='ocr_carea' id='block_1_9' title="bbox 133 1741 1337 1912">
    <p class='ocr_par' dir='ltr' id='par_1_9' title="bbox 133 1741 1337 1912">
     <span class='ocr_line' id='line_1_14' title="bbox 175 1741 1337 1825; baseline 0 -21"><span class='ocrx_word' id='word_1_51' title='bbox 175 1742 327 1824; x_wconf 68' lang='lat' dir='ltr'><strong>{Praesta</strong></span> <span class='ocrx_word' id='word_1_52' title='bbox 341 1763 521 1824; x_wconf 91' lang='lat' dir='ltr'>quesumus</span> <span class='ocrx_word' id='word_1_53' title='bbox 536 1744 749 1825; x_wconf 87' lang='lat' dir='ltr'><strong>omnipotens</strong></span> <span class='ocrx_word' id='word_1_54' title='bbox 764 1744 855 1806; x_wconf 94' lang='lat' dir='ltr'><strong>deus.</strong></span> <span class='ocrx_word' id='word_1_55' title='bbox 873 1751 909 1805; x_wconf 94' lang='lat' dir='ltr'><strong>ut</strong></span> <span class='ocrx_word' id='word_1_56' title='bbox 931 1763 990 1825; x_wconf 94' lang='lat' dir='ltr'><strong>per</strong></span> <span class='ocrx_word' id='word_1_57' title='bbox 1004 1742 1086 1805; x_wconf 91' lang='lat' dir='ltr'><strong>haec</strong></span> <span class='ocrx_word' id='word_1_58' title='bbox 1102 1762 1176 1824; x_wconf 89' lang='lat' dir='ltr'><strong>pas·</strong></span> <span class='ocrx_word' id='word_1_59' title='bbox 1192 1741 1249 1825; x_wconf 82' lang='lat' dir='ltr'><strong>[sq.</strong></span> <span class='ocrx_word' id='word_1_60' title='bbox 1264 1756 1283 1821; x_wconf 94' lang='lat'>7</span> <span class='ocrx_word' id='word_1_61' title='bbox 1289 1755 1337 1820; x_wconf 83' lang='lat' dir='ltr'><strong>5v.</strong></span> 
     </span>
     <span class='ocr_line' id='line_1_15' title="bbox 133 1827 1337 1912; baseline 0.001 -23"><span class='ocrx_word' id='word_1_62' title='bbox 133 1827 241 1891; x_wconf 90' lang='lat' dir='ltr'><strong>chalia</strong></span> <span class='ocrx_word' id='word_1_63' title='bbox 258 1829 342 1893; x_wconf 80' lang='lat' dir='ltr'><strong>festa</strong></span> <span class='ocrx_word' id='word_1_64' title='bbox 357 1850 442 1911; x_wconf 91' lang='lat' dir='ltr'><strong>quae</strong></span> <span class='ocrx_word' id='word_1_65' title='bbox 458 1830 604 1893; x_wconf 92' lang='lat' dir='ltr'><strong>colimus.</strong></span> <span class='ocrx_word' id='word_1_66' title='bbox 621 1831 733 1894; x_wconf 91' lang='lat' dir='ltr'><strong>deuoti</strong></span> <span class='ocrx_word' id='word_1_67' title='bbox 759 1831 791 1891; x_wconf 91' lang='lat' dir='ltr'><strong>in</strong></span> <span class='ocrx_word' id='word_1_68' title='bbox 817 1840 875 1892; x_wconf 92' lang='lat' dir='ltr'><strong>tua</strong></span> <span class='ocrx_word' id='word_1_69' title='bbox 901 1850 1032 1912; x_wconf 85' lang='lat' dir='ltr'>semper</span> <span class='ocrx_word' id='word_1_70' title='bbox 1056 1829 1153 1892; x_wconf 88' lang='lat' dir='ltr'><strong>laude</strong></span> <span class='ocrx_word' id='word_1_71' title='bbox 1178 1832 1337 1893; x_wconf 87' lang='lat' dir='ltr'><strong>uiuamus.</strong></span> 
     </span>
    </p>
   </div>
   <div class='ocr_carea' id='block_1_10' title="bbox 133 1934 943 2121">
    <p class='ocr_par' dir='ltr' id='par_1_10' title="bbox 133 1934 943 2121">
     <span class='ocr_line' id='line_1_16' title="bbox 176 1935 198 1978; baseline 0.091 -2"><span class='ocrx_word' id='word_1_72' title='bbox 176 1935 198 1978; x_wconf 91' lang='lat' dir='ltr'><strong>r.</strong></span> 
     </span>
     <span class='ocr_line' id='line_1_17' title="bbox 133 1934 943 2121; baseline -0.002 -28"><span class='ocrx_word' id='word_1_73' title='bbox 133 1934 175 1996; x_wconf 63' lang='lat' dir='ltr'><strong>pe</strong></span> <span class='ocrx_word' id='word_1_74' title='bbox 529 2027 594 2091; x_wconf 78' lang='lat' dir='ltr'><strong>Ad</strong></span> <span class='ocrx_word' id='word_1_75' title='bbox 602 2036 749 2092; x_wconf 85' lang='lat' dir='ltr'><strong>sanctum</strong></span> <span class='ocrx_word' id='word_1_76' title='bbox 763 2028 943 2121; x_wconf 70' lang='lat' dir='ltr'><strong>Andrearn.</strong></span> 
     </span>
    </p>
   </div>
   <div class='ocr_carea' id='block_1_11' title="bbox 132 2139 1339 2396">
    <p class='ocr_par' dir='ltr' id='par_1_11' title="bbox 132 2139 1339 2396">
     <span class='ocr_line' id='line_1_18' title="bbox 177 2139 1339 2224; baseline 0 -23"><span class='ocrx_word' id='word_1_77' title='bbox 177 2139 271 2202; x_wconf 93' lang='lat' dir='ltr'><strong>Deus</strong></span> <span class='ocrx_word' id='word_1_78' title='bbox 300 2140 357 2221; x_wconf 93' lang='lat' dir='ltr'><strong>qui</strong></span> <span class='ocrx_word' id='word_1_79' title='bbox 391 2140 554 2224; x_wconf 87' lang='lat' dir='ltr'><strong>conspicis</strong></span> <span class='ocrx_word' id='word_1_80' title='bbox 591 2142 751 2204; x_wconf 83' lang='lat' dir='ltr'><strong>familiam</strong></span> <span class='ocrx_word' id='word_1_81' title='bbox 782 2150 874 2204; x_wconf 87' lang='lat' dir='ltr'><strong>tuam</strong></span> <span class='ocrx_word' id='word_1_82' title='bbox 904 2139 996 2202; x_wconf 90' lang='lat' dir='ltr'><strong>omni</strong></span> <span class='ocrx_word' id='word_1_83' title='bbox 1033 2139 1181 2202; x_wconf 93' lang='lat' dir='ltr'><strong>humana</strong></span> <span class='ocrx_word' id='word_1_84' title='bbox 1217 2139 1339 2202; x_wconf 86' lang='lat' dir='ltr'><strong>uirtute</strong></span> 
     </span>
     <span class='ocr_line' id='line_1_19' title="bbox 132 2227 1337 2309; baseline 0 -21"><span class='ocrx_word' id='word_1_85' title='bbox 132 2227 275 2290; x_wconf 86' lang='lat' dir='ltr'><strong>destitui.</strong></span> <span class='ocrx_word' id='word_1_86' title='bbox 291 2227 437 2309; x_wconf 90' lang='lat' dir='ltr'><strong>paschali</strong></span> <span class='ocrx_word' id='word_1_87' title='bbox 454 2229 693 2292; x_wconf 89' lang='lat' dir='ltr'><strong>interueniente</strong></span> <span class='ocrx_word' id='word_1_88' title='bbox 710 2228 898 2292; x_wconf 91' lang='lat' dir='ltr'><strong>festiuitate.</strong></span> <span class='ocrx_word' id='word_1_89' title='bbox 916 2229 963 2290; x_wconf 93' lang='lat' dir='ltr'><strong>tui</strong></span> <span class='ocrx_word' id='word_1_90' title='bbox 979 2247 1053 2289; x_wconf 88' lang='lat' dir='ltr'><strong>eam</strong></span> <span class='ocrx_word' id='word_1_91' title='bbox 1071 2227 1193 2291; x_wconf 88' lang='lat' dir='ltr'><strong>brachii</strong></span> <span class='ocrx_word' id='word_1_92' title='bbox 1210 2238 1337 2309; x_wconf 91' lang='lat' dir='ltr'><strong>protec-</strong></span> 
     </span>
     <span class='ocr_line' id='line_1_20' title="bbox 132 2314 811 2396; baseline 0.003 -20"><span class='ocrx_word' id='word_1_93' title='bbox 132 2314 221 2376; x_wconf 90' lang='lat' dir='ltr'><strong>tione</strong></span> <span class='ocrx_word' id='word_1_94' title='bbox 236 2315 375 2377; x_wconf 90' lang='lat' dir='ltr'><strong>custodi.</strong></span> <span class='ocrx_word' id='word_1_95' title='bbox 391 2334 449 2396; x_wconf 93' lang='lat' dir='ltr'><strong>per</strong></span> <span class='ocrx_word' id='word_1_96' title='bbox 464 2315 636 2378; x_wconf 91' lang='lat' dir='ltr'><strong>dominum</strong></span> <span class='ocrx_word' id='word_1_97' title='bbox 653 2325 811 2378; x_wconf 90' lang='lat' dir='ltr'><strong>nostrum.</strong></span> 
     </span>
    </p>
   </div>
   <div class='ocr_carea' id='block_1_12' title="bbox 625 2524 847 2589">
    <p class='ocr_par' dir='ltr' id='par_1_12' title="bbox 625 2524 847 2589">
     <span class='ocr_line' id='line_1_21' title="bbox 625 2524 847 2589; baseline 0.009 -2"><span class='ocrx_word' id='word_1_98' title='bbox 625 2524 745 2588; x_wconf 74' lang='lat' dir='ltr'><strong>Fama</strong></span> <span class='ocrx_word' id='word_1_99' title='bbox 763 2526 847 2589; x_wconf 85' lang='lat'>1111.</span> 
     </span>
    </p>
   </div>
   <div class='ocr_carea' id='block_1_13' title="bbox 128 2652 1335 2910">
    <p class='ocr_par' dir='ltr' id='par_1_13' title="bbox 128 2652 1335 2910">
     <span class='ocr_line' id='line_1_22' title="bbox 174 2652 1335 2736; baseline 0.001 -21"><span class='ocrx_word' id='word_1_100' title='bbox 174 2652 269 2715; x_wconf 90' lang='lat' dir='ltr'><strong>Deus</strong></span> <span class='ocrx_word' id='word_1_101' title='bbox 295 2654 351 2733; x_wconf 92' lang='lat' dir='ltr'><strong>qui</strong></span> <span class='ocrx_word' id='word_1_102' title='bbox 383 2672 443 2714; x_wconf 92' lang='lat' dir='ltr'><strong>nos</strong></span> <span class='ocrx_word' id='word_1_103' title='bbox 469 2653 714 2716; x_wconf 90' lang='lat' dir='ltr'><strong>resurrectionis</strong></span> <span class='ocrx_word' id='word_1_104' title='bbox 740 2654 928 2717; x_wconf 88' lang='lat' dir='ltr'><strong>dominicae</strong></span> <span class='ocrx_word' id='word_1_105' title='bbox 955 2674 1064 2717; x_wconf 91' lang='lat' dir='ltr'><strong>annua</strong></span> <span class='ocrx_word' id='word_1_106' title='bbox 1089 2653 1335 2736; x_wconf 86' lang='lat' dir='ltr'><strong>sollempnitate</strong></span> 
     </span>
     <span class='ocr_line' id='line_1_23' title="bbox 129 2738 1334 2823; baseline 0.001 -21"><span class='ocrx_word' id='word_1_107' title='bbox 129 2738 296 2802; x_wconf 85' lang='lat' dir='ltr'><strong>laetificas.</strong></span> <span class='ocrx_word' id='word_1_108' title='bbox 313 2740 459 2801; x_wconf 89' lang='lat' dir='ltr'><strong>concede</strong></span> <span class='ocrx_word' id='word_1_109' title='bbox 474 2740 644 2820; x_wconf 89' lang='lat' dir='ltr'><strong>propitius.</strong></span> <span class='ocrx_word' id='word_1_110' title='bbox 661 2750 698 2802; x_wconf 92' lang='lat' dir='ltr'><strong>ut</strong></span> <span class='ocrx_word' id='word_1_111' title='bbox 711 2761 770 2822; x_wconf 86' lang='lat' dir='ltr'><strong>per</strong></span> <span class='ocrx_word' id='word_1_112' title='bbox 784 2741 980 2823; x_wconf 88' lang='lat' dir='ltr'><strong>temporalia</strong></span> <span class='ocrx_word' id='word_1_113' title='bbox 996 2741 1079 2804; x_wconf 83' lang='lat' dir='ltr'><strong>festa</strong></span> <span class='ocrx_word' id='word_1_114' title='bbox 1095 2762 1180 2823; x_wconf 93' lang='lat' dir='ltr'><strong>quae</strong></span> <span class='ocrx_word' id='word_1_115' title='bbox 1196 2742 1334 2823; x_wconf 75' lang='lat' dir='ltr'><strong>agimus,</strong></span> 
     </span>
     <span class='ocr_line' id='line_1_24' title="bbox 128 2827 1102 2910; baseline 0.002 -22"><span class='ocrx_word' id='word_1_116' title='bbox 128 2827 300 2908; x_wconf 88' lang='lat' dir='ltr'><strong>peruenire</strong></span> <span class='ocrx_word' id='word_1_117' title='bbox 316 2827 358 2887; x_wconf 89' lang='lat' dir='ltr'><strong>ad</strong></span> <span class='ocrx_word' id='word_1_118' title='bbox 373 2827 498 2908; x_wconf 84' lang='lat' dir='ltr'><strong>gaudia</strong></span> <span class='ocrx_word' id='word_1_119' title='bbox 512 2837 649 2888; x_wconf 88' lang='lat' dir='ltr'><strong>aeterna</strong></span> <span class='ocrx_word' id='word_1_120' title='bbox 665 2847 859 2890; x_wconf 88' lang='lat' dir='ltr'><strong>mereamur.</strong></span> <span class='ocrx_word' id='word_1_121' title='bbox 875 2848 934 2910; x_wconf 91' lang='lat' dir='ltr'><strong>per</strong></span> <span class='ocrx_word' id='word_1_122' title='bbox 950 2829 1102 2891; x_wconf 91' lang='lat' dir='ltr'><strong>eundem.</strong></span> 
     </span>
    </p>
   </div>
   <div class='ocr_carea' id='block_1_14' title="bbox 668 2970 804 3036">
    <p class='ocr_par' dir='ltr' id='par_1_14' title="bbox 668 2970 804 3036">
     <span class='ocr_line' id='line_1_25' title="bbox 668 2970 804 3036; baseline 0.007 -1"><span class='ocrx_word' id='word_1_123' title='bbox 668 2970 804 3036; x_wconf 71' lang='lat' dir='ltr'><strong>Secreta.</strong></span> 
     </span>
    </p>
   </div>
   <div class='ocr_carea' id='block_1_15' title="bbox 125 3085 1338 3257">
    <p class='ocr_par' dir='ltr' id='par_1_15' title="bbox 125 3085 1338 3257">
     <span class='ocr_line' id='line_1_26' title="bbox 174 3085 1338 3202; baseline -0.003 -50"><span class='ocrx_word' id='word_1_124' title='bbox 174 3085 344 3152; x_wconf 90' lang='lat' dir='ltr'><strong>Sacrificia</strong></span> <span class='ocrx_word' id='word_1_125' title='bbox 380 3086 517 3149; x_wconf 89' lang='lat' dir='ltr'><strong>domine</strong></span> <span class='ocrx_word' id='word_1_126' title='bbox 554 3088 765 3170; x_wconf 89' lang='lat' dir='ltr'><strong>paschalibus</strong></span> <span class='ocrx_word' id='word_1_127' title='bbox 799 3088 928 3169; x_wconf 91' lang='lat' dir='ltr'><strong>gaudiis</strong></span> <span class='ocrx_word' id='word_1_128' title='bbox 967 3087 1186 3150; x_wconf 81' lang='lat' dir='ltr'><strong>immolamus</strong></span> <span class='ocrx_word' id='word_1_129' title='bbox 1217 3085 1338 3202; x_wconf 90' lang='lat' dir='ltr'><strong>quibus</strong></span> 
     </span>
     <span class='ocr_line' id='line_1_27' title="bbox 125 3174 1006 3257; baseline -0.003 -19"><span class='ocrx_word' id='word_1_130' title='bbox 125 3174 287 3238; x_wconf 88' lang='lat' dir='ltr'><strong>aecclesia</strong></span> <span class='ocrx_word' id='word_1_131' title='bbox 304 3174 498 3236; x_wconf 90' lang='lat' dir='ltr'><strong>mirabiliter</strong></span> <span class='ocrx_word' id='word_1_132' title='bbox 513 3184 546 3237; x_wconf 91' lang='lat' dir='ltr'><strong>et</strong></span> <span class='ocrx_word' id='word_1_133' title='bbox 562 3178 708 3257; x_wconf 91' lang='lat' dir='ltr'><strong>pascitur</strong></span> <span class='ocrx_word' id='word_1_134' title='bbox 723 3186 757 3238; x_wconf 88' lang='lat' dir='ltr'><strong>et</strong></span> <span class='ocrx_word' id='word_1_135' title='bbox 774 3177 922 3248; x_wconf 86' lang='lat' dir='ltr'><strong>nutritur</strong></span> <span class='ocrx_word' id='word_1_136' title='bbox 940 3195 1006 3256; x_wconf 90' lang='lat' dir='ltr'><strong>per.</strong></span> 
     </span>
    </p>
   </div>
   <div class='ocr_carea' id='block_1_16' title="bbox 647 3333 829 3411">
    <p class='ocr_par' dir='ltr' id='par_1_16' title="bbox 647 3333 829 3411">
     <span class='ocr_line' id='line_1_28' title="bbox 647 3333 829 3411; baseline -0.011 -14"><span class='ocrx_word' id='word_1_137' title='bbox 647 3333 829 3411; x_wconf 63' lang='lat' dir='ltr'><strong>Praefatae.</strong></span> 
     </span>
    </p>
   </div>
   <div class='ocr_carea' id='block_1_17' title="bbox 115 3450 1337 3884">
    <p class='ocr_par' dir='ltr' id='par_1_17' title="bbox 115 3450 1337 3884">
     <span class='ocr_line' id='line_1_29' title="bbox 171 3450 1337 3535; baseline -0.003 -19"><span class='ocrx_word' id='word_1_138' title='bbox 171 3453 221 3516; x_wconf 70' lang='lat' dir='ltr'><strong>(t)</strong></span> <span class='ocrx_word' id='word_1_139' title='bbox 241 3460 375 3515; x_wconf 84' lang='lat' dir='ltr'><strong>aeterne</strong></span> <span class='ocrx_word' id='word_1_140' title='bbox 392 3454 481 3516; x_wconf 90' lang='lat' dir='ltr'><strong>deus.</strong></span> <span class='ocrx_word' id='word_1_141' title='bbox 532 3451 577 3515; x_wconf 86' lang='lat' dir='ltr'><strong>Et</strong></span> <span class='ocrx_word' id='word_1_142' title='bbox 597 3452 755 3535; x_wconf 91' lang='lat' dir='ltr'><strong>pietatem</strong></span> <span class='ocrx_word' id='word_1_143' title='bbox 774 3461 866 3516; x_wconf 86' lang='lat' dir='ltr'><strong>tuam</strong></span> <span class='ocrx_word' id='word_1_144' title='bbox 884 3450 1054 3514; x_wconf 81' lang='lat' dir='ltr'><strong>indefessis</strong></span> <span class='ocrx_word' id='word_1_145' title='bbox 1079 3450 1252 3533; x_wconf 91' lang='lat' dir='ltr'><strong>praecibus</strong></span> <span class='ocrx_word' id='word_1_146' title='bbox 1274 3450 1337 3513; x_wconf 92' lang='lat' dir='ltr'><strong>im-</strong></span> 
     </span>
     <span class='ocr_line' id='line_1_30' title="bbox 122 3537 1335 3623; baseline -0.002 -21"><span class='ocrx_word' id='word_1_147' title='bbox 122 3539 265 3623; x_wconf 89' lang='lat' dir='ltr'><strong>plorare.</strong></span> <span class='ocrx_word' id='word_1_148' title='bbox 282 3549 318 3601; x_wconf 95' lang='lat' dir='ltr'><strong>ut</strong></span> <span class='ocrx_word' id='word_1_149' title='bbox 342 3540 398 3620; x_wconf 89' lang='lat' dir='ltr'><strong>qui</strong></span> <span class='ocrx_word' id='word_1_150' title='bbox 424 3538 589 3620; x_wconf 89' lang='lat' dir='ltr'><strong>paschalis</strong></span> <span class='ocrx_word' id='word_1_151' title='bbox 616 3539 805 3603; x_wconf 81' lang='lat' dir='ltr'><strong>lestiuitatis</strong></span> <span class='ocrx_word' id='word_1_152' title='bbox 834 3537 1032 3620; x_wconf 89' lang='lat' dir='ltr'><strong>sollempnia</strong></span> <span class='ocrx_word' id='word_1_153' title='bbox 1056 3539 1203 3600; x_wconf 91' lang='lat' dir='ltr'><strong>colimus.</strong></span> <span class='ocrx_word' id='word_1_154' title='bbox 1221 3539 1253 3599; x_wconf 94' lang='lat' dir='ltr'><strong>in</strong></span> <span class='ocrx_word' id='word_1_155' title='bbox 1277 3554 1335 3600; x_wconf 87' lang='lat' dir='ltr'><strong>tua</strong></span> 
     </span>
     <span class='ocr_line' id='line_1_31' title="bbox 119 3623 1334 3708; baseline -0.003 -18"><span class='ocrx_word' id='word_1_156' title='bbox 119 3646 259 3708; x_wconf 88' lang='lat' dir='ltr'><strong>semper</strong></span> <span class='ocrx_word' id='word_1_157' title='bbox 273 3623 534 3688; x_wconf 86' lang='lat' dir='ltr'><strong>sanctificatione</strong></span> <span class='ocrx_word' id='word_1_158' title='bbox 550 3627 708 3689; x_wconf 89' lang='lat' dir='ltr'><strong>uiuamus.</strong></span> <span class='ocrx_word' id='word_1_159' title='bbox 719 3647 786 3708; x_wconf 91' lang='lat' dir='ltr'><strong>quo</strong></span> <span class='ocrx_word' id='word_1_160' title='bbox 804 3626 995 3707; x_wconf 89' lang='lat' dir='ltr'><strong>temporalis</strong></span> <span class='ocrx_word' id='word_1_161' title='bbox 1012 3624 1085 3687; x_wconf 84' lang='lat' dir='ltr'><strong>sesti</strong></span> <span class='ocrx_word' id='word_1_162' title='bbox 1102 3624 1334 3686; x_wconf 90' lang='lat' dir='ltr'><strong>obseruatione</strong></span> 
     </span>
     <span class='ocr_line' id='line_1_32' title="bbox 117 3712 1332 3796; baseline 0.002 -22"><span class='ocrx_word' id='word_1_163' title='bbox 117 3712 297 3796; x_wconf 87' lang='lat' dir='ltr'><strong>peruenire</strong></span> <span class='ocrx_word' id='word_1_164' title='bbox 321 3731 512 3775; x_wconf 88' lang='lat' dir='ltr'><strong>mereamur.</strong></span> <span class='ocrx_word' id='word_1_165' title='bbox 532 3713 575 3776; x_wconf 90' lang='lat' dir='ltr'><strong>ad</strong></span> <span class='ocrx_word' id='word_1_166' title='bbox 596 3723 803 3776; x_wconf 90' lang='lat' dir='ltr'><strong>aeternorum</strong></span> <span class='ocrx_word' id='word_1_167' title='bbox 823 3713 1019 3793; x_wconf 83' lang='lat' dir='ltr'><strong>gaudiorum</strong></span> <span class='ocrx_word' id='word_1_168' title='bbox 1039 3712 1332 3776; x_wconf 90' lang='lat' dir='ltr'><strong>continuationem.</strong></span> 
     </span>
     <span class='ocr_line' id='line_1_33' title="bbox 115 3798 727 3884; baseline 0.002 -23"><span class='ocrx_word' id='word_1_169' title='bbox 115 3819 184 3884; x_wconf 89' lang='lat' dir='ltr'><strong>per</strong></span> <span class='ocrx_word' id='word_1_170' title='bbox 205 3798 364 3861; x_wconf 91' lang='lat' dir='ltr'><strong>christum</strong></span> <span class='ocrx_word' id='word_1_171' title='bbox 380 3800 553 3862; x_wconf 92' lang='lat' dir='ltr'><strong>dominum</strong></span> <span class='ocrx_word' id='word_1_172' title='bbox 569 3810 727 3862; x_wconf 90' lang='lat' dir='ltr'><strong>nostrum.</strong></span> 
     </span>
    </p>
   </div>
   <div class='ocr_carea' id='block_1_18' title="bbox 164 3910 913 4110">
    <p class='ocr_par' dir='ltr' id='par_1_18' title="bbox 164 3910 913 4110">
     <span class='ocr_line' id='line_1_34' title="bbox 594 3910 869 3992; baseline 0.004 -20"><span class='ocrx_word' id='word_1_173' title='bbox 594 3911 694 3992; x_wconf 84' lang='lat' dir='ltr'><strong>Infra</strong></span> <span class='ocrx_word' id='word_1_174' title='bbox 709 3910 869 3974; x_wconf 80' lang='lat' dir='ltr'><strong>actionem.</strong></span> 
     </span>
     <span class='ocr_line' id='line_1_35' title="bbox 164 4026 913 4110; baseline 0 -20"><span class='ocrx_word' id='word_1_175' title='bbox 164 4026 470 4092; x_wconf 91' lang='lat' dir='ltr'><strong>Communicantes.</strong></span> <span class='ocrx_word' id='word_1_176' title='bbox 517 4026 617 4090; x_wconf 91' lang='lat' dir='ltr'><strong>Hanc</strong></span> <span class='ocrx_word' id='word_1_177' title='bbox 632 4028 739 4110; x_wconf 87' lang='lat' dir='ltr'><strong>igitur.</strong></span> <span class='ocrx_word' id='word_1_178' title='bbox 755 4036 913 4107; x_wconf 84' lang='lat' dir='ltr'><strong>utsupra.</strong></span> 
     </span>
    </p>
   </div>
   <div class='ocr_carea' id='block_1_19' title="bbox 577 4178 876 4261">
    <p class='ocr_par' dir='ltr' id='par_1_19' title="bbox 577 4178 876 4261">
     <span class='ocr_line' id='line_1_36' title="bbox 577 4178 876 4261; baseline 0 -18"><span class='ocrx_word' id='word_1_179' title='bbox 577 4179 642 4242; x_wconf 84' lang='lat' dir='ltr'><strong>Ad</strong></span> <span class='ocrx_word' id='word_1_180' title='bbox 650 4178 876 4261; x_wconf 79' lang='lat' dir='ltr'><strong>complendum.</strong></span> 
     </span>
    </p>
   </div>
   <div class='ocr_carea' id='block_1_20' title="bbox 156 4294 1323 4378">
    <p class='ocr_par' dir='ltr' id='par_1_20' title="bbox 156 4294 1323 4378">
     <span class='ocr_line' id='line_1_37' title="bbox 156 4294 1323 4378; baseline -0.001 -16"><span class='ocrx_word' id='word_1_181' title='bbox 156 4296 221 4363; x_wconf 84' lang='lat' dir='ltr'><strong>Ab</strong></span> <span class='ocrx_word' id='word_1_182' title='bbox 235 4294 326 4358; x_wconf 91' lang='lat' dir='ltr'><strong>omni</strong></span> <span class='ocrx_word' id='word_1_183' title='bbox 342 4314 403 4357; x_wconf 91' lang='lat' dir='ltr'><strong>nos</strong></span> <span class='ocrx_word' id='word_1_184' title='bbox 417 4314 597 4376; x_wconf 89' lang='lat' dir='ltr'><strong>quesumus</strong></span> <span class='ocrx_word' id='word_1_185' title='bbox 612 4295 748 4359; x_wconf 93' lang='lat' dir='ltr'><strong>domine</strong></span> <span class='ocrx_word' id='word_1_186' title='bbox 763 4304 928 4360; x_wconf 88' lang='lat' dir='ltr'><strong>uetustate</strong></span> <span class='ocrx_word' id='word_1_187' title='bbox 944 4305 1111 4378; x_wconf 89' lang='lat' dir='ltr'><strong>purgatos.</strong></span> <span class='ocrx_word' id='word_1_188' title='bbox 1125 4301 1323 4363; x_wconf 88' lang='lat' dir='ltr'><strong>sacramenti</strong></span> 
     </span>
    </p>
   </div>
   <div class='ocr_carea' id='block_1_21' title="bbox 96 4382 1325 4543">
    <p class='ocr_par' dir='ltr' id='par_1_21' title="bbox 96 4382 1325 4543">
     <span class='ocr_line' id='line_1_38' title="bbox 96 4382 1325 4467; baseline 0.002 -20"><span class='ocrx_word' id='word_1_189' title='bbox 96 4389 158 4457; x_wconf 70' lang='lat' dir='ltr'><strong>tui</strong></span> <span class='ocrx_word' id='word_1_190' title='bbox 194 4382 388 4447; x_wconf 89' lang='lat' dir='ltr'><strong>ueneranda</strong></span> <span class='ocrx_word' id='word_1_191' title='bbox 415 4383 584 4465; x_wconf 87' lang='lat' dir='ltr'><strong>perceptio</strong></span> <span class='ocrx_word' id='word_1_192' title='bbox 612 4383 646 4447; x_wconf 88' lang='lat' dir='ltr'><strong>in</strong></span> <span class='ocrx_word' id='word_1_193' title='bbox 676 4402 800 4447; x_wconf 89' lang='lat' dir='ltr'><strong>nouam</strong></span> <span class='ocrx_word' id='word_1_194' title='bbox 836 4382 1012 4448; x_wconf 85' lang='lat' dir='ltr'><strong>transferat</strong></span> <span class='ocrx_word' id='word_1_195' title='bbox 1041 4395 1235 4450; x_wconf 89' lang='lat' dir='ltr'><strong>creaturam.</strong></span> <span class='ocrx_word' id='word_1_196' title='bbox 1265 4406 1325 4467; x_wconf 90' lang='lat' dir='ltr'><strong>per</strong></span> 
     </span>
     <span class='ocr_line' id='line_1_39' title="bbox 101 4472 468 4543; baseline -0.033 0"><span class='ocrx_word' id='word_1_197' title='bbox 101 4472 294 4543; x_wconf 86' lang='lat' dir='ltr'><strong>dominum</strong></span> <span class='ocrx_word' id='word_1_198' title='bbox 310 4477 468 4531; x_wconf 90' lang='lat' dir='ltr'><strong>nostrum.</strong></span> 
     </span>
    </p>
   </div>
   <div class='ocr_carea' id='block_1_22' title="bbox 0 0 1532 5092">
    <p class='ocr_par' dir='ltr' id='par_1_22' title="bbox 0 0 1532 5092">
     <span class='ocr_line' id='line_1_40' title="bbox 0 0 1532 5092; baseline 0 0"><span class='ocrx_word' id='word_1_199' title='bbox 0 0 1532 5092; x_wconf 95' lang='lat' dir='ltr'><strong> </strong></span> 
     </span>
    </p>
   </div>
  </div>
 </body>
</html>
