3046 5092
437 342 528 394 DOM.
553 343 607 394 III.
638 345 687 395 ΙΝ
710 344 1017 406 QUADRAGESIMA.

582 544 646 608 Ad
654 546 878 628 complendum.

172 654 241 718 Fac
273 675 334 718 nos
365 656 500 719 domine
523 677 703 737 quesumus
733 668 871 739 accepto
896 658 1034 741 pignore
1057 660 1172 723 salutis
1194 669 1328 739 aeterne

127 741 174 890 {ic
204 742 340 841 tendere
369 754 596 826 congruenter.
627 756 663 808 ut
689 744 732 807 ad
759 765 834 807 eam
865 747 1038 828 peruenire
1064 749 1238 829 possimus
1269 768 1328 830 per

153 847 312 892 ominum.

586 949 858 1032 Superpopulum.

173 1060 226 1123 Da
241 1081 422 1143 quesumus
438 1062 573 1125 domine
591 1063 717 1144 populo
732 1073 790 1126 tuo
806 1063 947 1127 salutem
973 1066 1094 1127 mentis
1117 1073 1151 1128 et
1173 1066 1327 1148 eorporis.

129 1158 165 1210 ut
202 1148 297 1210 bonis
326 1149 481 1229 operibus
512 1150 702 1213 inherendo,
732 1160 809 1214 tuae
841 1171 972 1234 semper
1001 1153 1133 1215 uirtutis
1164 1163 1329 1217 mereatur

128 1235 333 1316 protectione
348 1234 491 1300 defendi.
507 1257 566 1318 per
580 1237 762 1300 dominum.

636 1438 815 1504 Sammo,

171 1563 226 1627 Da
244 1585 425 1647 quesumus
449 1568 585 1631 domine
611 1569 732 1632 nostris
755 1567 910 1631 affectum
935 1569 1064 1632 ieiuniis
1087 1569 1265 1631 salutarem
1289 1579 1326 1632 ut

126 1653 302 1734 castigatio
317 1655 425 1716 carnis
442 1666 622 1738 assumpta.
639 1657 681 1719 ad
698 1666 885 1719 nostrarum
909 1657 1155 1739 uegetationem
1180 1664 1327 1720 transeat

125 1740 320 1803 animarum.
337 1761 396 1824 per
410 1741 585 1805 dominum
602 1751 761 1806 nostrum.

659 1891 796 1956 Secreta.

172 2002 236 2065 His
273 2003 441 2066 sacrificiis
478 2004 614 2067 domine
651 2006 796 2068 concede
822 2003 981 2087 placatus.
1020 2013 1057 2067 ut
1094 2003 1150 2086 qui
1188 2003 1329 2085 propriis

125 2109 259 2152 oramus
285 2089 415 2154 absolui
440 2091 578 2155 delictis.
606 2112 672 2154 non
696 2112 872 2174 grauemur
894 2091 1049 2154 externis.
1074 2111 1133 2173 per
1154 2091 1328 2153 dominum

128 2186 286 2240 nostrum.

639 2297 821 2377 Praefatio.

172 2407 222 2472 (θ
237 2417 372 2471 aeterne
381 2409 471 2473 deus.
496 2409 541 2472 Et
551 2418 643 2473 tuam
655 2410 774 2492 iugiter
782 2429 922 2473 exorare
932 2407 1142 2473 clementiam
1153 2416 1190 2471 ut
1200 2416 1328 2471 mentes

127 2504 258 2557 nostras
280 2515 364 2576 quas
386 2497 548 2578 conspicis
571 2497 707 2560 terrenis
731 2496 903 2559 affectibus
927 2496 1135 2578 praegrauari
1170 2496 1328 2558 medicin-

126 2580 234 2643 alibus
258 2582 384 2645 tribuas
408 2583 536 2646 ieiuniis
561 2584 744 2647 exonerari.
771 2600 805 2646 et
828 2603 887 2666 per
909 2582 1121 2645 afflictionem
1148 2602 1326 2664 corporum

125 2669 301 2750 proueniat
338 2669 433 2732 nobis
471 2670 572 2733 robur
608 2671 803 2734 animarum.
848 2690 906 2753 per
951 2669 1110 2732 christum
1152 2669 1325 2731 dominum

126 2765 287 2819 nostrum.

580 2876 643 2939 Ad
652 2877 877 2959 complendum.

169 2983 394 3070 (Sacramenti
426 2986 474 3051 tui
507 2988 643 3051 domine
675 2988 789 3051 diuina
819 2987 935 3050 libatio
959 2985 1142 3067 penetralia
1168 2982 1224 3070 [so
1254 2988 1327 3064 48v.

127 3075 231 3135 nostri
258 3075 366 3136 cordis
392 3074 552 3138 infundat.
577 3085 611 3138 et
634 3076 685 3138 sui
715 3075 893 3159 participes
923 3083 1077 3156 potenter
1108 3071 1237 3135 efficiat.
1269 3093 1328 3156 per

125 3161 299 3223 dominum
317 3170 475 3225 nostrum.
624 3160 627 3165 ’

584 3281 693 3364 Super
704 3281 869 3364 populum.

168 3392 345 3455 Familiam
363 3403 454 3456 tuam
471 3414 651 3475 quesumus
667 3394 802 3456 domine
817 3393 975 3456 continua
991 3392 1115 3475 pietate
1131 3393 1268 3456 custodi.
1289 3403 1327 3458 ut

123 3500 212 3562 quae
227 3481 299 3542 sola
314 3500 373 3561 spe
388 3482 514 3562 gratiae
530 3481 680 3543 caelestis
691 3481 848 3543 innititur.
862 3480 995 3543 caelesti
1008 3481 1109 3543 etiam
1121 3481 1327 3560 protectione

123 3567 301 3631 muniatur.
317 3587 377 3650 per
392 3567 564 3630 dominum
582 3577 730 3631 nostrum
748 3569 853 3630 iesum
869 3567 1038 3630 christum.

380 3783 578 3850 Dorunuca
602 3785 666 3848 111.
691 3799 732 3849 ru
757 3783 1071 3866 Quaonuousnm.

169 3919 360 4002 Quesumus
376 3921 587 4003 omnipotens
602 3922 684 3986 deus
700 3931 780 3985 uota
801 3921 977 3984 humilium
1001 3923 1134 4004 respice.
1158 3931 1260 4004 atque
1282 3923 1324 3986 ad

122 4007 352 4070 defensionem
377 4016 524 4072 nostram
555 4010 729 4073 dexteram
759 4019 837 4073 tuae
868 4009 1050 4073 maiestatis
1080 4010 1234 4072 extende.
1266 4030 1326 4092 per

120 4094 308 4159 dominum

661 4215 797 4282 Secreta.

168 4326 266 4390 Haec
296 4324 407 4390 hostia
435 4327 571 4391 domine
596 4348 775 4410 quesumus
806 4329 945 4392 mundet
976 4337 1089 4391 nostra
1122 4327 1254 4393 delicta.
1291 4339 1325 4392 et

120 4411 322 4477 sacrificium
348 4412 603 4478 caelebrandum
633 4415 843 4481 subditorum
874 4416 934 4480 tibi
959 4435 1098 4498 corpora
1129 4426 1325 4498 mentesque

123 4497 320 4565 sanctificet
336 4520 397 4583 per
410 4501 594 4567 dominum.
