3046 5092
466 286 521 334 ΑΙ)
548 285 828 338 CATICUilHNUM
848 288 1084 345 FACIENDUM

447 463 575 527 Deinde
581 464 743 544 presbiter
756 465 920 530 Dominus
934 469 1101 536 uobr‘scum.

222 576 445 660 Omnipotens
461 577 662 659 sempiterne
683 577 764 640 deus
787 587 881 660 pater
893 581 1019 644 domini
1036 586 1138 648 nostri
1163 586 1232 652 iesu
1249 591 1378 657 christi.

179 668 338 747 respicere
365 666 503 746 dignare
531 683 629 745 super
655 664 742 726 hunc
780 665 940 730 famulum
979 678 1071 734 tuum
1110 673 1155 736 ill.
1193 697 1293 758 quem
1332 683 1375 744 ad

177 755 364 816 rudimenta
374 750 450 813 fidei
466 771 585 813 uocare
600 751 758 832 dignatus
772 772 807 813 es
823 773 957 817 omnem
968 758 1140 822 cecitatem
1154 764 1261 826 cordis
1278 768 1321 831 ab
1337 789 1378 830 eo

175 841 306 924 expelle
322 840 491 919 disrumpe
501 858 617 900 omnes
633 837 768 918 laqueos
784 848 920 903 satanae
935 843 1054 924 quibus
1070 844 1175 911 suerat
1191 851 1376 933 colligatus.

175 929 265 1010 aperi
282 928 311 990 ei
332 926 468 988 domine
491 925 624 987 ianuam
648 926 802 1006 piaetatis
818 934 904 990 tuae.
928 942 961 991 ut
978 931 1073 1012 signo
1095 936 1281 1015 sapientiae
1296 952 1376 1005 tuae

174 1016 321 1078 imbutus
344 1013 493 1074 omnium
517 1013 738 1093 cupiditatum
762 1011 942 1077 foetoribus
964 1028 1083 1081 careat.
1113 1030 1148 1083 et
1167 1024 1211 1085 ad
1235 1045 1373 1091 suauem

172 1104 309 1165 odorem
323 1108 573 1181 praeceptorum
586 1110 717 1161 tuorum
732 1099 837 1162 laetus
850 1101 909 1164 tibi
923 1103 955 1163 in
966 1105 1124 1168 aecclesia
1136 1118 1193 1171 tua
1205 1111 1373 1178 deseruiat

172 1200 205 1253 et
236 1187 387 1270 proficiat
417 1186 459 1248 de
482 1186 536 1248 die
560 1185 592 1246 in
615 1185 713 1248 diem.
744 1196 780 1249 ut
808 1188 945 1251 idoneus
968 1189 1126 1256 efficiatur
1148 1199 1306 1263 accedere
1329 1203 1371 1265 ad

172 1278 313 1360 gratiam
331 1273 485 1355 baptismi
503 1273 550 1335 tui
567 1283 724 1354 percepta
740 1274 912 1339 medicina.
928 1296 993 1357 per.

730 1410 821 1474 Alia.

215 1523 352 1584 Praeces
368 1531 498 1584 nostras
514 1541 694 1603 quesumus
717 1523 851 1586 domine
866 1522 1046 1589 clementer
1068 1531 1199 1593 exaudi.
1224 1543 1257 1596 et
1281 1534 1368 1599 hunc

168 1609 311 1672 electum
350 1619 443 1671 tuum
485 1608 525 1672 N.
562 1610 666 1671 crucis
690 1610 883 1672 dominicae.
922 1613 1014 1674 cuius
1052 1614 1256 1697 inpressione
1291 1642 1367 1686 eum

168 1698 339 1778 signamus
370 1697 491 1758 uirtute
521 1696 650 1757 custodi
682 1705 718 1758 ut
749 1697 987 1778 magnitudinis
1013 1700 1138 1781 gloriae
1169 1705 1366 1774 rudimenta

167 1803 303 1846 seruans
330 1803 389 1864 per
419 1783 604 1845 custodiam
629 1783 861 1846 mandatorum
886 1796 1017 1848 tuorum
1041 1789 1084 1851 ad
1108 1797 1366 1872 regenerationis

167 1870 306 1954 gloriam
330 1871 500 1951 peruenire
524 1872 728 1932 mereamur.¹
744 1890 803 1952 per
814 1870 996 1936 dominum.

333 2005 528 2068 2Benedictio
542 2001 556 2089 [
556 2053 925 2070 ........
927 2001 1196 2094 ]cat1'nrm[inrs.]

211 2109 378 2173 Exorcizo
394 2119 428 2172 te
443 2118 592 2170 creatura
607 2108 692 2170 salis.
710 2109 742 2170 in
759 2110 892 2172 nomine
906 2111 1008 2191 patris
1024 2113 1264 2193 omnipotentis
1279 2125 1314 2178 et
1330 2117 1362 2179 in

166 2196 307 2259 karitate
330 2197 455 2259 domini
473 2196 575 2258 nostri
593 2196 659 2257 iesu
678 2196 796 2258 christi.
800 2195 848 2279 let
858 2197 890 2258 in
906 2199 1028 2260 uirtute
1054 2201 1190 2280 spiritus
1215 2198 1273 2285 [so.
1289 2205 1361 2281 64v.

163 2285 269 2346 sancti
286 2284 441 2345 exorcizo
463 2291 504 2344 te.
528 2302 586 2363 per
608 2281 708 2345 deum
732 2284 845 2346 uiuum
862 2292 895 2346 et
918 2304 977 2366 per
998 2286 1097 2347 deum
1114 2307 1238 2351 uerum.
1255 2291 1312 2370 qui
1329 2302 1362 2353 te

163 2372 206 2434 ad
238 2370 374 2433 tutelam
399 2369 536 2431 hnmani
558 2370 687 2451 generis
717 2372 910 2451 procreauit.
937 2382 971 2433 et
990 2371 1115 2453 populo
1144 2375 1291 2438 uenienti
1319 2378 1360 2440 ad

163 2456 392 2519 credulitatem
411 2477 467 2536 per
483 2476 595 2518 seruos
610 2477 688 2518 suos
710 2458 890 2519 consecrari
915 2460 1089 2540 praecepit.
1114 2471 1150 2522 ut
1174 2462 1205 2522 in
1227 2464 1361 2525 nomine

162 2556 275 2606 sancte
293 2545 448 2605 trinitatis
472 2542 621 2604 efficiaris
645 2543 787 2606 salutare
810 2556 1052 2607 sacramentum
1076 2549 1118 2608 ad
1142 2547 1359 2628 effugandum

163 2632 339 2693 inimicum.
389 2632 527 2692 Proinde
552 2651 706 2710 rogamus
737 2643 769 2692 te
792 2633 926 2693 domine
949 2634 1030 2693 deus
1062 2644 1181 2696 noster.
1212 2646 1249 2697 ut
1272 2637 1359 2699 hanc

161 2721 330 2781 creaturis³
347 2719 423 2778 salis
445 2716 682 2779 sanctificando
706 2718 898 2780 sanctifices.
923 2719 1150 2781 benedicendo
1174 2722 1360 2786 benedicas

161 2817 197 2868 ut
222 2805 278 2868 fiat
302 2806 456 2867 omnibus
479 2805 716 2885 accipientibus
748 2805 891 2885 perfecta
915 2807 1078 2868 medicina
1102 2828 1302 2888 permanens
1326 2813 1358 2874 in

160 2895 340 2954 uisceribus
351 2913 463 2953 eorum
477 2892 507 2952 in
521 2893 653 2952 nornine
665 2892 790 2953 domini
802 2893 903 2954 nostri
916 2894 983 2954 iesu
995 2893 1105 2954 christi
1118 2896 1174 2975 qui
1189 2907 1360 2961 uenturus.

204 2981 278 3042 Hac
292 2981 434 3040 oratione
456 2979 576 3058 repleta
591 2980 726 3058 accipiar
747 2980 890 3041 sacerdos
904 2979 942 3041 de
956 2980 1061 3040 eodem
1076 2980 1143 3042 sale
1156 2993 1189 3042 et
1201 2994 1308 3062 ponat
1323 2987 1360 3046 in

155 3090 207 3130 ore
228 3068 403 3143 infantum.

202 3155 327 3235 Accipe
344 3155 445 3214 salem
463 3153 645 3233 sapientiae
662 3153 858 3233 propitiatus
876 3154 906 3215 in
924 3154 1027 3215 uitam
1045 3163 1221 3216 aeternam.

202 3243 294 3303 Deus
311 3255 441 3321 patrum
467 3251 661 3301 nostrorum.
686 3241 767 3301 deus
791 3242 961 3301 uniuersae
985 3241 1135 3302 conditor
1158 3245 1309 3306 ueritatis
1327 3257 1362 3310 te

156 3329 322 3411 supplices
338 3347 525 3389 exoramus,
539 3338 573 3387 ut
587 3327 673 3387 liunc
687 3326 846 3388 famulum
863 3337 955 3388 tuum
974 3327 1017 3388 ill.
1035 3329 1195 3408 respicere
1210 3332 1362 3412 digneris

155 3417 327 3499 propitius.
344 3426 378 3477 ut
401 3414 463 3475 hoc
480 3415 621 3494 primum
647 3415 803 3494 pabulum
826 3414 903 3475 salis
926 3425 1114 3494 gustantem
1140 3436 1205 3477 non
1230 3419 1363 3484 diutius

155 3506 277 3566 esurire
295 3503 473 3583 permittas.
491 3502 668 3581 quominus
685 3502 770 3582 cybo
785 3502 959 3581 expleatur
975 3502 1117 3563 caelesti.
1135 3505 1296 3582 quatinus
1316 3510 1362 3571 sit

155 3611 286 3670 semper
302 3590 436 3650 domine
452 3590 566 3669 spiritu
587 3587 725 3649 feruens.
744 3608 802 3668 spe
825 3590 982 3668 gaudens
1000 3600 1057 3651 tuo
1073 3609 1204 3670 semper
1229 3597 1361 3658 nomini

155 3679 307 3740 seruiens.
326 3676 448 3757 perduc
465 3696 538 3736 cum
557 3675 598 3735 ad
618 3696 722 3735 nouae
746 3677 1001 3755 regenerationis
1024 3675 1200 3738 lauacrum.
1219 3691 1257 3740 ut
1281 3702 1361 3745 cunr

154 3765 307 3827 fidelibus
339 3765 402 3825 tuis
434 3763 688 3843 promissionum
713 3771 843 3823 tuarum
868 3773 1001 3823 aeterna
1024 3766 1172 3843 praemia
1194 3771 1361 3850 consequi

155 3862 326 3915 mereatur.
343 3872 408 3931 per.

435 3960 559 4023 lterum
569 3958 661 4038 focis
675 3980 795 4021 crucem
813 3962 848 4020 in
855 3960 969 4038 fronte
984 3961 1061 4022 eius.

197 4068 289 4129 Deus
303 4065 470 4127 abraham.
488 4064 569 4125 deus
586 4065 680 4124 isaac.
697 4064 779 4125 deus
803 4063 904 4128 iacob.
917 4065 998 4126 deus
1014 4065 1068 4146 qui
1095 4067 1201 4146 moysi
1228 4067 1361 4135 famulo

152 4166 210 4216 tuo
227 4156 258 4214 in
284 4163 397 4215 monte
421 4152 502 4212 sinai
528 4151 718 4231 apparuisti.
743 4161 776 4212 et
793 4150 875 4213 filios
899 4151 1014 4213 israhel
1039 4154 1080 4214 de
1104 4165 1191 4215 terra
1215 4162 1359 4240 aegypti

151 4242 296 4304 eduxisti
319 4242 483 4321 deputans
507 4240 553 4299 cis
577 4237 731 4318 angelum
756 4238 888 4318 pietatis
911 4249 988 4300 tuae
1011 4241 1066 4319 qui
1091 4243 1274 4305 custodiret
1302 4267 1361 4309 eos

184 4356 188 4382 Ι
219 4354 229 4382 «¹
351 4359 359 4386 i

181 4418 192 4511 ξ
207 4354 458 4531 Ίὲἓξςῃιιίιιῖἒαῖεηῐῖαῐῑὶγ
470 4416 586 4479 illegible.
624 4415 679 4464 The
691 4414 793 4479 missing
805 4415 886 4464 words
896 4432 937 4466 ere
950 4415 1056 4481 perhaps
1070 4418 1154 4467 “salis
1166 4417 1272 4468 dandi.“

232 4500 259 4530 Ol'
270 4500 324 4530 (lla
337 4499 418 4531 uram.
