3046 5092
476 243 569 294 DOM.
594 243 650 293 DE
674 242 855 294 PASSIONE
878 243 1030 294 DOMINI.

690 452 827 517 Secreta.

199 561 433 626 Oblationibus
459 583 640 644 quesumus
670 563 806 626 domine
832 562 965 650 placare
989 564 1161 646 susceptis.
1186 573 1219 628 et
1249 563 1291 627 ad
1323 572 1357 627 te

156 662 285 800 Sostras
326 652 426 713 etiam
464 649 604 713 rebelles
642 651 805 732 compelle
851 651 1014 733 propitius
1061 652 1260 715 uoluntates.
1298 672 1357 733 per

180 757 338 801 ominum.

667 849 849 929 Praefatio.

201 961 252 1025 G)
267 971 401 1024 aeterne
416 963 507 1024 deus.
526 961 770 1024 misericordiae
786 962 884 1026 dator
898 971 932 1026 et
942 961 1045 1025 totius
1060 961 1222 1024 bonitatis
1232 972 1355 1026 auctor.

157 1048 213 1129 qui
244 1048 372 1110 ieiuniis
402 1049 606 1111 orationibus
633 1059 666 1112 et
691 1049 887 1112 elemosinis.
914 1058 1125 1130 peccatorum
1154 1049 1307 1113 remedia
1324 1060 1358 1112 et

159 1135 317 1198 uirtutum
349 1139 499 1197 omnium
531 1136 648 1198 tribuis
679 1136 889 1198 incrementa
945 1135 995 1197 Te
1028 1135 1145 1198 humili
1176 1137 1358 1200 deuotione

158 1242 358 1303 praecamur.
375 1233 412 1284 ut
435 1223 490 1303 qui
514 1225 556 1285 ad
580 1223 662 1284 haec
684 1223 814 1304 agenda
829 1220 1079 1285 saluberrimam
1096 1223 1217 1286 dedisti
1235 1223 1358 1286 doctri-

158 1328 244 1370 nam.
261 1309 303 1371 ad
320 1309 556 1390 complendum
580 1309 779 1371 indefessam
803 1309 928 1371 tribuas
952 1308 1143 1371 efficaciam.
1191 1309 1240 1374 Ut
1255 1310 1358 1373 oboe-

157 1396 287 1458 dienter
330 1405 388 1457 tua
432 1405 637 1476 exequentes
682 1404 867 1478 praecepta
906 1394 1044 1459 feliciter
1089 1407 1147 1459 tua
1185 1397 1358 1478 capiamus

160 1482 330 1564 promissa.
346 1502 407 1563 per
421 1482 589 1545 christum.

606 1619 669 1682 Ad
681 1618 906 1701 complendum.

203 1730 277 1794 Tua
301 1751 362 1793 nos
387 1731 522 1794 domine
546 1752 726 1814 quesumus
750 1741 867 1795 sancta
892 1731 1076 1813 purificent.
1093 1741 1127 1795 et
1154 1733 1359 1814 operationis

160 1819 251 1881 suae¹
266 1816 439 1900 perficiant
454 1839 526 1882 esse
541 1819 698 1901 placatos.
716 1839 780 1900 per.

624 1953 730 2035 Super
736 1953 900 2035 populum.

203 2066 296 2129 Deus
311 2066 367 2147 qui
384 2065 592 2147 sperantibus
616 2066 648 2128 in
673 2076 706 2128 te
730 2066 873 2129 misereri
898 2065 1009 2147 potius
1025 2065 1120 2147 eligis
1135 2084 1236 2147 quam
1254 2067 1360 2130 irasci.

159 2155 203 2217 da
229 2153 324 2216 nobis
349 2153 448 2234 digne
475 2151 552 2215 llere
577 2153 665 2216 mala
690 2173 775 2235 quae
800 2154 945 2216 fecimus.
962 2161 998 2215 ut
1020 2161 1099 2215 tuae
1121 2153 1360 2217 consolationis

160 2240 300 2322 gratiam
324 2239 471 2302 inuenire
488 2259 680 2303 mereamur.
697 2260 756 2322 per
770 2239 952 2303 dominum.

378 2423 451 2486 Dua
475 2424 673 2487 Dounucn
695 2438 746 2488 on
770 2437 948 2488 mssmns
971 2423 1129 2486 Domni.

204 2560 394 2642 Quesumus
421 2562 633 2642 omnipotens
649 2562 731 2624 deus
760 2562 919 2624 familiam
936 2572 1028 2624 tuam
1046 2563 1210 2645 propitius
1228 2565 1362 2645 respice.

161 2656 197 2710 ut
213 2657 246 2709 te
263 2647 422 2728 largiente
446 2660 578 2728 regatur
593 2649 626 2710 in
642 2669 786 2731 corpore.
804 2658 837 2712 et
860 2661 893 2712 te
917 2660 1070 2711 seruante
1093 2651 1303 2713 custodiatur
1329 2653 1361 2713 in

163 2746 282 2797 mente.
299 2755 357 2816 per
373 2736 554 2798 dominum.

694 2847 830 2909 Secreta.

205 2959 299 3021 Haec
317 2979 452 3020 munera
474 2978 654 3038 quesumus
675 2959 810 3020 domine
832 2967 865 3019 et
889 2958 1021 3020 uincula
1037 2969 1170 3021 nostrae
1186 2962 1365 3040 prauitatis

161 3046 344 3109 absoluant.
376 3056 410 3107 et
441 3056 518 3107 tuae
548 3047 644 3108 nobis
675 3046 919 3108 misericordiae
958 3048 1047 3108 dona
1086 3048 1272 3110 concilient.
1306 3071 1366 3131 per

161 3135 341 3196 dominum.

671 3243 852 3322 Praefatio.

205 3355 269 3440 iffi
287 3366 419 3419 aeterne
435 3359 524 3420 deus
544 3358 750 3419 maiestatem
768 3368 860 3420 tuam
872 3358 1072 3438 propensius
1086 3358 1204 3440 implo-
1217 3358 1272 3440 [fo
1294 3376 1365 3440 54r.

162 3456 279 3507 rantes.
317 3456 352 3506 ut
383 3455 510 3526 quanto
542 3445 647 3524 magis
678 3446 748 3506 dies
772 3444 964 3506 salutiferae
995 3444 1186 3507 sestiuitatis
1224 3451 1365 3511 accedit.

161 3541 256 3595 tanto
271 3532 424 3593 deuotius
441 3532 482 3593 ad
500 3532 570 3592 eius
586 3533 686 3611 digne
702 3530 958 3593 caelebrandum
976 3531 1188 3613 proficiamus
1204 3535 1366 3614 paschale

163 3620 364 3700 mysterium.
382 3639 440 3699 per
456 3619 615 3679 christum
633 3619 805 3680 dominum
824 3628 983 3680 nostrum.

614 3763 645 3824 A
650 3763 676 3823 d
687 3762 911 3843 corrrplendum.

207 3875 338 3937 Adesto
366 3875 462 3937 nobis
494 3875 629 3936 domine
659 3877 742 3936 deus
774 3885 886 3935 noster
919 3884 952 3937 et
977 3894 1061 3955 quos
1093 3876 1159 3938 tuis
1195 3882 1368 3959 mysteriis

166 3963 325 4025 recreasti.
343 3963 512 4043 perpetuis
529 3961 670 4023 defende
687 3961 868 4043 praesidiis.
885 3982 945 4042 per
959 3962 1142 4025 dominum.

211 4155 218 4184 ¹
236 4151 290 4198 Tbe
303 4165 370 4198 same
382 4149 484 4212 reading
504 4164 608 4213 appears
621 4148 646 4196 in
667 4148 709 4197 the
722 4148 748 4199 S.
763 4148 821 4198 Gall
843 4149 899 4197 MS.
916 4148 972 4211 348,
986 4150 1035 4198 and
1048 4150 1073 4199 in
1096 4151 1139 4200 the
1152 4150 1252 4202 Leofric
1265 4154 1366 4212 Missal‚

163 4217 245 4265 where
258 4217 275 4263 it
293 4216 337 4262 has
357 4216 420 4263 been
441 4215 563 4263 amended
581 4215 668 4274 hythe
689 4214 807 4263 insertion
819 4214 849 4262 of
864 4215 907 4263 the
926 4216 995 4262 word
1008 4217 1112 4264 remedio
1123 4217 1186 4266 after
1205 4235 1273 4268 suae.
1309 4220 1368 4270 Tbe

165 4281 275 4330 leonine
288 4281 477 4342 Sacramentary
491 4280 538 4337 (erl.
555 4280 687 4337 llluratoril
700 4280 745 4327 has
756 4280 907 4336 operationes
917 4296 992 4328 suae:
1009 4281 1053 4328 but
1065 4283 1108 4330 tbe
1121 4284 1261 4332 correction
1279 4285 1304 4333 in
1324 4287 1367 4336 the

165 4347 259 4396 leofric
273 4347 360 4393 blissal
372 4346 416 4391 bas
428 4346 469 4393 the
482 4353 584 4409 support
596 4345 624 4392 of
633 4345 674 4393 rlre
686 4345 804 4395 Gelasian
816 4345 1034 4394 Postcommunion
1044 4347 1095 4396 “de
1104 4348 1200 4397 Pascha
1207 4350 1367 4400 Annotina.”

162 4414 228 4473 illel.
244 4412 311 4461 Sacr.
327 4427 351 4475 p.
369 4409 420 4470 98.)
