3046 5092
471 326 583 376 MISSA
607 325 811 377 SACERDOT
809 327 845 376 IS
865 326 1035 376 PROPRIA.

685 510 823 575 Secreta.

200 623 338 705 Suscipe
356 643 536 704 quesumus
562 622 742 685 clementer
767 623 979 704 omnipotens
1002 623 1092 685 deus.
1109 631 1241 685 nostrae
1263 621 1354 683 obla·

154 709 280 782 tionesl
310 711 522 773 deuotionem
553 719 587 772 et
617 731 675 791 per
705 711 860 772 uirtutem
892 710 987 772 huius
1018 706 1242 782 sacramenta†
1280 724 1356 771 tuae

158 798 340 860 maiestatis
364 796 523 859 famulum
541 806 643 859 tuum.
663 796 703 859 N.
719 817 795 859 curn
819 797 997 860 commisso
1020 796 1082 858 sibi
1105 815 1205 877 grege
1228 795 1355 857 cunctis

156 896 294 966 protege
310 884 575 947 aduersitatibus.
590 904 656 965 per.

609 1021 673 1083 Ad
683 1021 907 1101 corrrplendum.

202 1133 294 1195 Deus
310 1135 365 1214 qui
382 1133 505 1215 populo
522 1143 579 1196 tuo
595 1144 744 1215 pastores
760 1151 912 1215 pracesse
928 1132 1067 1195 uoluisti.
1086 1131 1245 1194 famulum
1263 1142 1356 1194 tuum

156 1221 350 1302 episcopum
375 1231 532 1282 nostrum.
567 1221 606 1283 N.
642 1240 741 1301 quem
772 1218 876 1291 essetl
905 1231 939 1281 et
969 1219 1126 1301 prodesse
1153 1219 1283 1281 iussisti.
1314 1218 1357 1280 da

154 1327 337 1388 quesumus
367 1316 403 1369 ut
434 1307 636 1369 incessanter
673 1318 762 1370 recta
800 1304 982 1380 monendel
1012 1316 1044 1369 et
1074 1306 1244 1387 operando
1281 1305 1356 1367 sub-

157 1395 303 1456 ditorum
337 1412 471 1456 suorum
511 1403 639 1456 mentes
673 1395 705 1455 in
737 1394 784 1456 tui
815 1394 936 1455 amoris
966 1392 1130 1455 desiderio
1159 1392 1293 1454 excitet.
1324 1403 1357 1455 et

157 1481 341 1543 secundum
371 1490 405 1542 te
435 1480 478 1542 ad
513 1480 691 1544 utilitatem
722 1481 771 1542 sui
803 1490 980 1561 prouectus
1011 1492 1044 1543 et
1075 1479 1214 1541 aliorum
1246 1478 1357 1542 uiuere

155 1567 274 1629 ualeat.
291 1587 349 1648 per
364 1567 545 1630 dominum.

472 1739 589 1803 Missa
613 1738 847 1804 Sncsxoorrs
871 1740 1044 1802 Pxopxrn.

202 1849 270 1912 Fac
287 1870 339 1912 me
355 1870 458 1930 queso
485 1852 695 1933 omnipotens
720 1852 801 1914 deus
826 1852 871 1913 ita
896 1851 1020 1913 iustitia
1047 1851 1145 1912 indui.
1163 1860 1199 1913 ut
1216 1851 1247 1911 in
1264 1870 1358 1912 sanc·

158 1946 269 1998 torum
297 1946 429 1999 tuorum
455 1956 582 2000 merear
607 1937 814 2001 exultatione
839 1938 961 2000 laetari.
978 1938 1132 2018 quatinus
1157 1938 1357 2000 emundatus

157 2022 202 2085 ab
231 2023 386 2085 omnibus
423 2024 575 2087 sordibus
613 2035 833 2106 peccatorum.
868 2025 1070 2087 consortium
1101 2023 1265 2106 adipiscar
1298 2024 1357 2086 tibi

159 2109 360 2190 placentium
376 2111 595 2173 sacerdotum.
614 2131 731 2192 meque
747 2122 804 2173 tua
825 2110 1048 2174 misericordia
1062 2131 1082 2174 a
1098 2111 1187 2173 uitiis
1203 2109 1357 2174 omnibus

158 2205 271 2260 exuat.
286 2217 385 2278 quem
402 2194 526 2280 sreatus
542 2199 693 2280 propriae
709 2198 929 2261 conscientiae
944 2207 1068 2279 grauat
1086 2218 1150 2278 per.
1212 2196 1268 2279 [fo.
1289 2199 1356 2259 182.

693 2334 829 2398 Secreta.

203 2446 295 2509 Deus
311 2447 367 2527 qui
383 2456 416 2510 te
432 2447 622 2529 praecipisa
635 2447 862 2529 peccatoribus
878 2448 1016 2510 exorari.
1028 2445 1152 2528 tibique
1162 2446 1356 2509 sacrificium

159 2533 291 2595 contriti
302 2534 410 2597 cordis
425 2532 542 2596 offerri.
553 2533 616 2596 hoc
629 2532 823 2595 sacrificium
840 2534 929 2614 quod
946 2534 1090 2614 indignis
1108 2533 1259 2596 manibus
1276 2535 1357 2596 meis

159 2618 262 2682 offero
278 2631 451 2702 acceptare
466 2620 610 2701 dignare.
627 2631 661 2682 et
678 2630 714 2682 ut
731 2621 801 2701 ipse
817 2620 876 2682 tibi
900 2620 1009 2682 hostia
1024 2632 1058 2683 et
1073 2619 1269 2682 sacrificium
1286 2641 1358 2683 esse

162 2725 286 2769 merear
311 2708 485 2769 miseratus
508 2708 661 2769 concede.
685 2717 786 2787 atque
817 2727 875 2789 per
905 2707 1076 2769 ministerii
1107 2707 1204 2769 huius
1228 2707 1358 2769 exhibi-

161 2794 283 2855 tionem
308 2802 520 2875 peccatorum
545 2795 694 2856 omnium
722 2795 902 2875 percipiam
926 2794 1161 2856 remissionem.
1178 2813 1236 2874 per
1251 2794 1357 2855 domi·

160 2898 237 2941 num
255 2890 413 2942 nostrum.

670 3001 850 3079 Praefatio.

202 3114 252 3177 (l)
285 3121 418 3175 aeterne
448 3115 539 3176 deus.
606 3113 672 3196 Qui
711 3110 933 3186 dissimilatis†
967 3113 1133 3175 humanae
1171 3112 1358 3194 fragilitatis

164 3200 304 3281 peccatis
320 3200 494 3263 sacerdotii
510 3200 710 3281 dignitatem
731 3201 886 3263 concedis
907 3200 1059 3281 indignis.
1107 3200 1151 3263 Et
1168 3220 1231 3262 non
1250 3200 1357 3262 solum

140 3295 298 3367 ,peccata
339 3287 489 3349 dimittis
528 3306 641 3348 uerum
680 3287 780 3349 etiam
827 3288 915 3368 ipsos
952 3296 1143 3367 peccatores
1181 3286 1357 3349 iustificare

164 3373 315 3455 dignaris
360 3373 462 3436 Cuius
489 3382 539 3434 est
567 3373 709 3435 muneris
726 3383 762 3435 ut
779 3394 844 3435 non
861 3374 1041 3436 existentia
1060 3384 1193 3436 sumant
1209 3374 1356 3435 exordia.

164 3469 279 3522 exorta
304 3460 551 3521 nutrimentum.
599 3459 733 3522 Nutrita
761 3459 910 3523 fructum.
937 3459 1102 3522 fructuosa
1127 3460 1358 3543 perseuerandi

163 3546 331 3608 auxilium.
393 3545 458 3628 Qui
497 3565 551 3609 me
589 3566 654 3608 non
692 3547 893 3609 existentem
932 3546 1058 3608 creasti.
1096 3556 1242 3609 creatum
1281 3545 1357 3608 fidei

165 3630 318 3696 firmitate
343 3632 464 3695 ditasti.
482 3632 614 3695 fidelem
630 3634 783 3713 quamuis
799 3634 943 3716 peccatis
959 3632 1166 3714 squalentem
1183 3633 1357 3696 sacerdotii

163 3719 323 3801 dignitate
333 3720 473 3782 donasti.
518 3719 627 3781 Tuam
638 3720 738 3800 igitur
753 3721 1031 3801 omnipotentiam
1044 3719 1186 3801 supplex
1203 3741 1359 3801 exposco

163 3816 195 3868 ut
222 3826 320 3869 mea
344 3806 528 3888 praeteritis
552 3807 697 3887 peccatis
720 3808 888 3869 emundes
937 3807 974 3869 ln
1001 3808 1114 3869 mundi
1142 3807 1237 3869 huius
1264 3827 1360 3870 cursu

165 3891 305 3955 inbonis
321 3891 475 3974 operibus
491 3893 688 3955 corrobores.
705 3903 739 3957 et
764 3894 796 3955 in
819 3894 1082 3975 perseuerantiae
1098 3893 1266 3956 soliditate
1282 3914 1358 3956 con·

163 3975 274 4042 firmes.
293 3999 351 4060 per
369 3978 535 4041 christum.

606 4106 637 4169 A
641 4108 668 4170 d
678 4107 902 4190 complendum.

206 4222 315 4285 Huius
333 4219 413 4282 mihi
440 4219 575 4283 domine
600 4220 798 4282 sacramenti
826 4220 995 4301 perceptio
1010 4221 1053 4282 sit
1068 4220 1218 4282 omnium
1242 4241 1357 4302 pecca-

164 4318 269 4371 torum
297 4326 446 4369 meorum
473 4306 629 4369 remissio.
656 4316 690 4368 et
714 4315 791 4368 tuae
815 4308 948 4387 pietatis
973 4316 1089 4389 optata
1105 4308 1304 4388 propitiatio.
1322 4317 1358 4370 ut

161 4416 217 4478 per
231 4395 315 4457 haec
340 4404 374 4456 te
397 4392 583 4475 opitulante
606 4391 729 4456 efficiar
753 4393 852 4454 sacris
879 4393 1038 4455 altaribus
1062 4395 1182 4475 dignus
1208 4413 1293 4474 quae
1315 4395 1358 4456 de

160 4493 216 4545 tua
231 4482 360 4564 pietate
375 4478 518 4543 confisus
534 4479 743 4561 frequentare
758 4499 934 4561 praesumo
950 4480 1114 4562 indignus.
1131 4500 1196 4562 per.
