3046 5092
553 353 713 407 AGENDA
735 352 989 407 MORTUORUM.
1316 368 1367 421 297

724 507 816 574 ΑΙία.

210 618 357 683 Domine
372 630 486 684 sancte
501 630 596 704 pater
610 620 823 704 omnipotens
839 628 972 684 aeterne
983 622 1065 685 deus
1080 620 1137 703 qui
1152 621 1366 704 fragilitatem

164 706 369 770 conditionis
382 717 514 771 nostrae
530 707 638 771 inlusa
663 708 794 771 uirtutis
818 717 896 771 tuae
918 706 1113 789 dignatione
1128 708 1313 773 confirmas.
1329 720 1366 773 ut

166 792 365 856 salutaribus
396 795 551 858 remediis
581 795 714 877 pietatis
744 805 821 858 tuae
851 814 991 876 corpora
1015 803 1128 857 nostra
1151 805 1186 859 et
1216 795 1366 859 membra

166 890 372 962 uegetentur.
397 901 496 963 super
522 882 610 945 hunc
635 880 797 944 famulum
824 891 919 944 tuum
947 881 1146 965 propitiatus
1169 882 1313 946 intende.
1328 893 1366 946 ut

166 967 260 1030 omni
286 969 483 1031 necessitate
509 987 687 1050 corporeae
717 966 918 1031 infirmitatis
948 969 1093 1032 exclusa
1124 970 1232 1051 gratia
1262 971 1295 1033 in
1325 990 1366 1033 eo

167 1053 326 1135 pristinae
341 1055 493 1118 sanitatis
509 1054 655 1137 perfecta
670 1065 847 1137 reparetur.
864 1075 931 1137 per.

210 1381 376 1465 Incipiunt
395 1383 556 1446 orationes
577 1383 612 1446 in
635 1383 761 1466 agendo
785 1392 1070 1445 mortuorumcum
1085 1383 1200 1446 anieno
1215 1383 1367 1462 magone

163 1471 224 1533 sui
235 1470 342 1532 ext'tus
355 1470 563 1533 dissolutione
575 1470 715 1551 corporis
729 1470 804 1532 uiso
816 1470 929 1549 suerit
941 1469 1064 1544 lobore†
1077 1470 1246 1533 conuenire
1258 1469 1365 1532 stude·

165 1556 383 1636 burotsrotres
398 1557 452 1620 orel
470 1556 565 1619 ceteri
584 1557 701 1639 quique
711 1556 835 1640 fideles.
850 1566 881 1618 et
893 1557 1032 1619 canendi
1043 1567 1127 1619 sunt.
1148 1556 1203 1619 vii.
1220 1558 1364 1638 peniten-

166 1643 263 1706 troies
268 1643 397 1725 psalmi
415 1644 492 1706 Duo
506 1644 633 1706 domim
648 1664 687 1705 ue
702 1644 737 1706 in
743 1643 865 1722 surore
880 1653 942 1706 tuo.
957 1653 988 1706 et
1010 1643 1074 1706 duo
1095 1643 1222 1706 domine
1238 1643 1364 1706 exaudi.

166 1730 254 1794 beati
276 1751 420 1812 quorum.
445 1730 595 1793 mimere
619 1730 685 1792 mei
704 1730 789 1793 deus.
813 1739 845 1792 et
867 1730 906 1792 de
924 1730 1103 1811 profundis
1125 1739 1157 1792 et
1176 1730 1304 1812 agendo
1318 1739 1366 1792 est

165 1817 320 1880 laetania.
339 1826 440 1898 prout
456 1816 643 1897 permiserit
669 1816 754 1880 rotr'o
776 1818 934 1898 temporis.
957 1817 1003 1900 le!
1026 1818 1197 1879 secundum
1219 1816 1275 1898 [se.
1292 1833 1364 1895 214.

163 1903 254 1985 quod
268 1902 391 1988 d[ict]i¹
412 1925 511 1967 causo
525 1904 690 1986 egressuri
700 1903 843 1986 perspici
853 1904 1006 1986 potuerit.
1022 1904 1077 1966 uel
1093 1903 1251 1967 estimari.
1266 1904 1366 1966 laeto·

165 1990 225 2052 nia
240 1999 390 2072 utsupra
398 2001 462 2072 pro
477 1990 608 2072 infirmo
616 2000 726 2072 postea
740 1990 912 2053 inchoatur
924 1991 965 2053 ab
978 1990 1133 2054 omnibus.

210 2077 293 2139 Ant.
318 2076 501 2141 Subuenite
516 2079 622 2140 sancti
638 2077 691 2140 dei
707 2078 868 2141 occurrite
883 2076 992 2159 angeli
1008 2077 1135 2140 domini
1147 2076 1364 2159 suscipientes

166 2164 315 2226 animam
340 2165 410 2227 eius
435 2162 611 2227 offerentes
637 2183 711 2226 eam
737 2163 769 2225 in
796 2173 976 2245 conspectu
1003 2163 1164 2227 altissimi.
1191 2184 1250 2245 quo
1264 2162 1365 2245 finito

164 2250 255 2313 dicat
267 2250 414 2313 sacerdos
426 2250 510 2313 hanc
523 2251 700 2313 orationem
714 2250 783 2312 siue
797 2251 1100 2313 commendationem
1108 2262 1171 2332 pro
1185 2272 1225 2313 eo.

210 2336 288 2400 Tibi
313 2338 448 2400 domine
474 2337 748 2400 commendamus
770 2338 915 2399 'animam
934 2337 1047 2400 famuli
1063 2338 1119 2399 tui.
1136 2346 1173 2400 ut
1188 2336 1364 2399 defunctus

164 2424 300 2487 saeculo
327 2424 386 2487 tibi
410 2425 512 2487 uiuat.
538 2433 572 2487 et
598 2425 625 2486 si
650 2443 717 2506 qua
737 2444 796 2505 per
816 2420 1012 2505 fragilitate(
1036 2424 1203 2486 mundane
1227 2443 1364 2486 conuer-

164 2511 306 2574 sationis
336 2511 479 2574 admisit
508 2520 544 2573 tu
575 2511 673 2573 uenia
704 2511 1008 2574 misericordissime
1038 2511 1172 2592 pietatis
1202 2510 1363 2592 absterge.

159 2617 230 2680 per.

721 2732 813 2797 Alia.

210 2844 473 2908 Misericordiam
490 2854 583 2908 tuam
599 2845 735 2908 domine
758 2854 872 2908 sancte
895 2854 990 2927 pater
1004 2847 1216 2926 omnipotens
1232 2853 1364 2907 aeterne

155 2933 257 2997 deus.
283 2932 417 3014 pietatis
441 2942 518 2993 tuae
542 2930 663 2994 affectu
695 2951 810 3014 rogare
837 2952 896 3013 pro
927 2931 999 2993 aliis
1029 2931 1185 3013 cogimur.
1217 2931 1273 3012 qui
1304 2950 1364 3011 pro

155 3018 271 3083 nostri
296 3019 441 3100 peccatis
467 3018 653 3100 supplicare
676 3038 886 3100 nequaquam
909 3015 1106 3092 sufficimurl
1120 3027 1233 3080 tamen
1249 3017 1292 3079 de
1306 3026 1364 3080 tua

154 3108 300 3190 pietate.
328 3116 362 3167 et
389 3104 505 3167 inolita
527 3105 733 3188 benignitate
755 3104 965 3167 clementiam
982 3114 1074 3167 tuam
1090 3104 1310 3186 deposcimus.
1326 3114 1364 3166 ut

156 3193 315 3257 animam
341 3191 454 3255 famuli
480 3192 528 3254 tui
543 3190 586 3254 ad
603 3200 636 3254 te
652 3201 871 3254 reuertentem
888 3211 963 3253 cum
981 3193 1106 3273 pietate
1121 3191 1288 3272 suscipias.
1305 3191 1363 3254 ad·

153 3280 206 3343 sit
223 3278 255 3340 ei
272 3277 410 3358 angelus
426 3278 617 3341 testamenti
634 3278 681 3341 tui
698 3277 871 3341 michahel.
886 3288 919 3341 et
944 3298 1003 3360 per
1024 3287 1213 3340 sanctorum
1230 3287 1361 3340 tuorum

154 3384 287 3430 manus
311 3366 396 3427 inter
419 3376 552 3427 sanctos
568 3374 601 3428 et
624 3364 746 3427 electos
770 3373 852 3427 tuos
870 3366 902 3426 in
915 3365 1042 3427 sinibus
1058 3364 1209 3427 abrahae.
1227 3365 1315 3427 isaac
1332 3373 1365 3426 et

157 3451 271 3516 iacob.
297 3452 558 3534 patriarcharum
589 3460 720 3514 tuorum
745 3471 821 3513 eum
847 3450 1008 3513 collocare
1031 3451 1184 3532 digneris.
1207 3452 1364 3533 quatinus

156 3538 306 3602 liberata
321 3539 364 3601 de
379 3538 582 3621 principibus
597 3538 816 3601 tenebrarum.
832 3548 866 3599 et
888 3538 931 3600 de
954 3537 1034 3599 locis
1058 3557 1248 3619 poenarum.
1266 3536 1364 3599 nullis

165 3626 234 3689 iam
259 3626 386 3708 primae
411 3626 595 3687 natiuitatis
620 3624 673 3687 uel
700 3625 907 3706 ignorantiae
931 3636 988 3687 aut
1012 3625 1165 3706 propriae
1181 3624 1364 3705 iniquitatis

165 3730 224 3775 seu
252 3711 439 3792 fragilitatis
463 3708 725 3785 confundanturi
748 3712 912 3774 erroribus
927 3712 985 3773 sed
1002 3712 1112 3793 potius
1128 3720 1329 3791 agnoscatur
1344 3730 1364 3771 a

167 3799 232 3861 tuis
259 3808 292 3861 et
320 3807 455 3861 sanctae
484 3798 699 3861 beatitudinis
731 3798 842 3880 requie
866 3797 1058 3879 perfruatur.
1090 3806 1127 3860 ut
1156 3795 1259 3879 quae†
1288 3817 1363 3859 cum

168 3884 281 3966 magni
308 3885 419 3947 iudicii
442 3886 513 3949 dies
536 3884 716 3948 aduenerit.
733 3884 818 3947 inter
833 3895 966 3946 sanctos
982 3894 1016 3947 et
1031 3882 1154 3946 electos
1170 3894 1244 3946 tuos
1260 3903 1365 3946 resus-

167 3971 288 4034 citatus
311 3970 417 4052 gloria
442 3971 616 4034 manifeste
636 3969 927 4052 contemplationis
950 3980 1026 4033 tuae
1041 3979 1203 4053 perpetuo
1217 3969 1363 4033 satietur.

206 4079 230 4120 r·
835 4077 838 4083 .

165 4078 272 4229 pelSi
284 4152 393 4206 arcton
415 4144 550 4225 quidam
572 4143 791 4225 supernomen?
810 4153 975 4206 canuntur
986 4142 1120 4225 psalmi.
1136 4142 1177 4205 id
1196 4141 1252 4224 [ἷο.
1269 4158 1362 4221 214v.

164 4240 212 4295 est
232 4229 282 4293 od
304 4239 336 4291 te
347 4230 475 4293 domim
488 4231 606 4293 leuaui.
644 4230 808 4293 Dominus
822 4230 1022 4293 illuminatio
1037 4251 1116 4292 mea.
1132 4228 1364 4292 misereremei

163 4317 243 4381 deus
255 4317 438 4381 secundum.
449 4318 599 4381 miserere
612 4317 679 4380 mei
690 4316 768 4379 deris
780 4318 934 4398 quoniam
949 4317 985 4379 in
1000 4326 1030 4380 te
1039 4316 1095 4379 uel
1105 4325 1252 4399 agantur
1261 4315 1362 4378 loeta·

617 4500 627 4533 ¹
643 4490 869 4555 neustrasii
