<?xml version="1.0" encoding="UTF-8"?>
<!DOCTYPE html PUBLIC "-//W3C//DTD XHTML 1.0 Transitional//EN"
    "http://www.w3.org/TR/xhtml1/DTD/xhtml1-transitional.dtd">
<html xmlns="http://www.w3.org/1999/xhtml" xml:lang="en" lang="en">
 <head>
  <title>
</title>
<meta http-equiv="Content-Type" content="text/html;charset=utf-8" />
  <meta name='ocr-system' content='tesseract 3.04.00' />
  <meta name='ocr-capabilities' content='ocr_page ocr_carea ocr_par ocr_line ocrx_word'/>
</head>
<body>
  <div class='ocr_page' id='page_1' title='image "./missalrobertjum01wilsgoog_0238.png"; bbox 0 0 3046 5092; ppageno 0'>
   <div class='ocr_carea' id='block_1_1' title="bbox 157 309 1188 364">
    <p class='ocr_par' dir='ltr' id='par_1_1' title="bbox 157 309 1188 364">
     <span class='ocr_line' id='line_1_1' title="bbox 157 309 1188 364; baseline -0.004 0"><span class='ocrx_word' id='word_1_1' title='bbox 157 312 204 364; x_wconf 79' lang='lat'><strong>1⁶8</strong></span> <span class='ocrx_word' id='word_1_2' title='bbox 339 314 414 364; x_wconf 84' lang='lat' dir='ltr'><em>VIII.</em></span> <span class='ocrx_word' id='word_1_3' title='bbox 444 311 529 363; x_wconf 80' lang='grc' dir='ltr'><em>ΚΑΙ..</em></span> <span class='ocrx_word' id='word_1_4' title='bbox 559 312 642 361; x_wconf 83' lang='lat' dir='ltr'><strong>APR.</strong></span> <span class='ocrx_word' id='word_1_5' title='bbox 672 309 943 363; x_wconf 78' lang='lat' dir='ltr'><em>AIl&#39;NUNTIATIO</em></span> <span class='ocrx_word' id='word_1_6' title='bbox 968 310 997 361; x_wconf 89' lang='lat' dir='ltr'><strong>S.</strong></span> <span class='ocrx_word' id='word_1_7' title='bbox 1026 309 1188 361; x_wconf 69' lang='lat' dir='ltr'><strong>MARIAE.</strong></span> 
     </span>
    </p>
   </div>
   <div class='ocr_carea' id='block_1_2' title="bbox 154 461 1352 807">
    <p class='ocr_par' dir='ltr' id='par_1_2' title="bbox 154 461 1352 807">
     <span class='ocr_line' id='line_1_2' title="bbox 154 461 1352 546; baseline -0.003 -17"><span class='ocrx_word' id='word_1_8' title='bbox 154 465 337 530; x_wconf 86' lang='lat' dir='ltr'><strong>subleuasti</strong></span> <span class='ocrx_word' id='word_1_9' title='bbox 353 466 395 529; x_wconf 91' lang='lat' dir='ltr'><strong>ad</strong></span> <span class='ocrx_word' id='word_1_10' title='bbox 412 464 552 529; x_wconf 90' lang='lat' dir='ltr'><strong>caelum.</strong></span> <span class='ocrx_word' id='word_1_11' title='bbox 567 464 714 528; x_wconf 85' lang='lat' dir='ltr'>concede</span> <span class='ocrx_word' id='word_1_12' title='bbox 728 483 909 546; x_wconf 88' lang='lat' dir='ltr'><strong>quesumus</strong></span> <span class='ocrx_word' id='word_1_13' title='bbox 929 463 1010 528; x_wconf 89' lang='lat' dir='ltr'><strong>haec</strong></span> <span class='ocrx_word' id='word_1_14' title='bbox 1025 462 1111 526; x_wconf 89' lang='lat' dir='ltr'><strong>festa</strong></span> <span class='ocrx_word' id='word_1_15' title='bbox 1128 462 1195 527; x_wconf 88' lang='lat' dir='ltr'><strong>tuis</strong></span> <span class='ocrx_word' id='word_1_16' title='bbox 1211 461 1352 527; x_wconf 81' lang='lat' dir='ltr'><strong>famulis</strong></span> 
     </span>
     <span class='ocr_line' id='line_1_3' title="bbox 154 548 1352 632; baseline -0.003 -16"><span class='ocrx_word' id='word_1_17' title='bbox 154 552 409 617; x_wconf 86' lang='lat' dir='ltr'><strong>celebrantibus.</strong></span> <span class='ocrx_word' id='word_1_18' title='bbox 425 561 620 615; x_wconf 90' lang='lat' dir='ltr'><strong>cunctorum</strong></span> <span class='ocrx_word' id='word_1_19' title='bbox 636 551 769 613; x_wconf 87' lang='lat' dir='ltr'><strong>ueniam</strong></span> <span class='ocrx_word' id='word_1_20' title='bbox 779 551 984 614; x_wconf 84' lang='lat' dir='ltr'><strong>delictorum.</strong></span> <span class='ocrx_word' id='word_1_21' title='bbox 1000 551 1106 632; x_wconf 91' lang='lat' dir='ltr'><strong>utqui</strong></span> <span class='ocrx_word' id='word_1_22' title='bbox 1121 548 1352 613; x_wconf 86' lang='lat' dir='ltr'><strong>exultantibus</strong></span> 
     </span>
     <span class='ocr_line' id='line_1_4' title="bbox 155 637 1352 720; baseline -0.003 -17"><span class='ocrx_word' id='word_1_23' title='bbox 155 640 275 703; x_wconf 89' lang='lat' dir='ltr'><strong>animis</strong></span> <span class='ocrx_word' id='word_1_24' title='bbox 305 640 374 702; x_wconf 91' lang='lat' dir='ltr'><strong>eius</strong></span> <span class='ocrx_word' id='word_1_25' title='bbox 405 638 545 702; x_wconf 84' lang='lat' dir='ltr'>claritati</span> <span class='ocrx_word' id='word_1_26' title='bbox 576 638 797 720; x_wconf 84' lang='lat' dir='ltr'><strong>congaudent.</strong></span> <span class='ocrx_word' id='word_1_27' title='bbox 828 639 901 720; x_wconf 89' lang='lat' dir='ltr'><strong>ipso</strong></span> <span class='ocrx_word' id='word_1_28' title='bbox 931 637 1019 720; x_wconf 92' lang='lat' dir='ltr'><strong>apud</strong></span> <span class='ocrx_word' id='word_1_29' title='bbox 1050 648 1085 701; x_wconf 93' lang='lat' dir='ltr'><strong>te</strong></span> <span class='ocrx_word' id='word_1_30' title='bbox 1110 637 1352 701; x_wconf 89' lang='lat' dir='ltr'><strong>interueniente</strong></span> 
     </span>
     <span class='ocr_line' id='line_1_5' title="bbox 154 723 855 807; baseline -0.001 -18"><span class='ocrx_word' id='word_1_31' title='bbox 154 727 385 790; x_wconf 86' lang='lat' dir='ltr'><strong>consocientur</strong></span> <span class='ocrx_word' id='word_1_32' title='bbox 400 735 434 789; x_wconf 90' lang='lat' dir='ltr'><strong>et</strong></span> <span class='ocrx_word' id='word_1_33' title='bbox 450 726 583 789; x_wconf 89' lang='lat' dir='ltr'><strong>meritis.</strong></span> <span class='ocrx_word' id='word_1_34' title='bbox 600 745 658 807; x_wconf 92' lang='lat' dir='ltr'><strong>per</strong></span> <span class='ocrx_word' id='word_1_35' title='bbox 673 723 855 800; x_wconf 86' lang='lat' dir='ltr'><strong>dominum.</strong></span> 
     </span>
    </p>
   </div>
   <div class='ocr_carea' id='block_1_3' title="bbox 157 843 1355 1113">
    <p class='ocr_par' dir='ltr' id='par_1_3' title="bbox 157 843 1355 1113">
     <span class='ocr_line' id='line_1_6' title="bbox 710 843 802 908; baseline 0.022 -2"><span class='ocrx_word' id='word_1_36' title='bbox 710 843 802 908; x_wconf 85' lang='lat' dir='ltr'><strong>Alia.</strong></span> 
     </span>
     <span class='ocr_line' id='line_1_7' title="bbox 200 941 1355 1026; baseline -0.004 -17"><span class='ocrx_word' id='word_1_37' title='bbox 200 943 425 1026; x_wconf 86' lang='lat' dir='ltr'><strong>Omnipotens</strong></span> <span class='ocrx_word' id='word_1_38' title='bbox 440 944 640 1026; x_wconf 88' lang='lat' dir='ltr'><strong>sempiterne</strong></span> <span class='ocrx_word' id='word_1_39' title='bbox 655 944 745 1008; x_wconf 90' lang='lat' dir='ltr'><strong>deus.</strong></span> <span class='ocrx_word' id='word_1_40' title='bbox 761 943 818 1025; x_wconf 91' lang='lat' dir='ltr'><strong>qui</strong></span> <span class='ocrx_word' id='word_1_41' title='bbox 842 944 1047 1008; x_wconf 84' lang='lat' dir='ltr'><strong>radiantibus</strong></span> <span class='ocrx_word' id='word_1_42' title='bbox 1070 943 1159 1007; x_wconf 88' lang='lat' dir='ltr'><strong>beati</strong></span> <span class='ocrx_word' id='word_1_43' title='bbox 1187 941 1355 1006; x_wconf 90' lang='lat' dir='ltr'><strong>benedicti</strong></span> 
     </span>
     <span class='ocr_line' id='line_1_8' title="bbox 157 1029 1355 1113; baseline -0.003 -19"><span class='ocrx_word' id='word_1_44' title='bbox 157 1030 354 1094; x_wconf 91' lang='lat' dir='ltr'><strong>confessoris</strong></span> <span class='ocrx_word' id='word_1_45' title='bbox 384 1032 433 1094; x_wconf 90' lang='lat' dir='ltr'><strong>tui</strong></span> <span class='ocrx_word' id='word_1_46' title='bbox 462 1031 637 1113; x_wconf 90' lang='lat' dir='ltr'><strong>exemplis.</strong></span> <span class='ocrx_word' id='word_1_47' title='bbox 666 1032 808 1094; x_wconf 90' lang='lat' dir='ltr'><strong>arduum</strong></span> <span class='ocrx_word' id='word_1_48' title='bbox 838 1031 905 1094; x_wconf 92' lang='lat' dir='ltr'><strong>tuis</strong></span> <span class='ocrx_word' id='word_1_49' title='bbox 933 1029 1094 1093; x_wconf 89' lang='lat' dir='ltr'><strong>imitabile</strong></span> <span class='ocrx_word' id='word_1_50' title='bbox 1125 1029 1261 1094; x_wconf 90' lang='lat' dir='ltr'><strong>famulis</strong></span> <span class='ocrx_word' id='word_1_51' title='bbox 1295 1031 1355 1092; x_wconf 89' lang='lat' dir='ltr'><strong>iter</strong></span> 
     </span>
    </p>
   </div>
   <div class='ocr_carea' id='block_1_4' title="bbox 157 1117 1356 1287">
    <p class='ocr_par' dir='ltr' id='par_1_4' title="bbox 157 1117 1356 1287">
     <span class='ocr_line' id='line_1_9' title="bbox 157 1117 1355 1200; baseline -0.003 -19"><span class='ocrx_word' id='word_1_52' title='bbox 157 1118 270 1182; x_wconf 88' lang='lat' dir='ltr'><strong>fecisti.</strong></span> <span class='ocrx_word' id='word_1_53' title='bbox 287 1118 331 1180; x_wconf 92' lang='lat' dir='ltr'><strong>da</strong></span> <span class='ocrx_word' id='word_1_54' title='bbox 354 1117 450 1180; x_wconf 89' lang='lat' dir='ltr'><strong>nobis</strong></span> <span class='ocrx_word' id='word_1_55' title='bbox 477 1117 646 1180; x_wconf 88' lang='lat' dir='ltr'><strong>inoffensis</strong></span> <span class='ocrx_word' id='word_1_56' title='bbox 667 1138 725 1199; x_wconf 92' lang='lat' dir='ltr'><strong>per</strong></span> <span class='ocrx_word' id='word_1_57' title='bbox 747 1119 817 1180; x_wconf 90' lang='lat' dir='ltr'><strong>eius</strong></span> <span class='ocrx_word' id='word_1_58' title='bbox 846 1118 996 1181; x_wconf 85' lang='lat' dir='ltr'><strong>instituta</strong></span> <span class='ocrx_word' id='word_1_59' title='bbox 1019 1117 1186 1199; x_wconf 88' lang='lat' dir='ltr'><strong>gressibus</strong></span> <span class='ocrx_word' id='word_1_60' title='bbox 1210 1136 1355 1200; x_wconf 82' lang='lat' dir='ltr'><strong>pergere</strong></span> 
     </span>
     <span class='ocr_line' id='line_1_10' title="bbox 157 1203 1356 1287; baseline -0.003 -19"><span class='ocrx_word' id='word_1_61' title='bbox 157 1215 194 1268; x_wconf 88' lang='lat' dir='ltr'><strong>ut</strong></span> <span class='ocrx_word' id='word_1_62' title='bbox 210 1205 358 1268; x_wconf 86' lang='lat' dir='ltr'><strong>eiusdem</strong></span> <span class='ocrx_word' id='word_1_63' title='bbox 382 1205 414 1267; x_wconf 93' lang='lat' dir='ltr'><strong>in</strong></span> <span class='ocrx_word' id='word_1_64' title='bbox 438 1205 572 1287; x_wconf 88' lang='lat' dir='ltr'><strong>regione</strong></span> <span class='ocrx_word' id='word_1_65' title='bbox 596 1204 781 1268; x_wconf 89' lang='lat' dir='ltr'><strong>uiuentium</strong></span> <span class='ocrx_word' id='word_1_66' title='bbox 809 1224 993 1267; x_wconf 88' lang='lat' dir='ltr'><strong>mereamur</strong></span> <span class='ocrx_word' id='word_1_67' title='bbox 1015 1205 1146 1286; x_wconf 89' lang='lat' dir='ltr'><strong>gaudiis</strong></span> <span class='ocrx_word' id='word_1_68' title='bbox 1171 1203 1356 1267; x_wconf 88' lang='lat' dir='ltr'><strong>admisceri.</strong></span> 
     </span>
    </p>
   </div>
   <div class='ocr_carea' id='block_1_5' title="bbox 154 1312 824 1467">
    <p class='ocr_par' dir='ltr' id='par_1_5' title="bbox 154 1312 824 1467">
     <span class='ocr_line' id='line_1_11' title="bbox 154 1312 220 1375; baseline 0.03 -21"><span class='ocrx_word' id='word_1_69' title='bbox 154 1312 220 1375; x_wconf 92' lang='lat' dir='ltr'><strong>per.</strong></span> 
     </span>
     <span class='ocr_line' id='line_1_12' title="bbox 686 1402 824 1467; baseline -0.007 0"><span class='ocrx_word' id='word_1_70' title='bbox 686 1402 824 1467; x_wconf 80' lang='lat' dir='ltr'><strong>Secreta.</strong></span> 
     </span>
    </p>
   </div>
   <div class='ocr_carea' id='block_1_6' title="bbox 156 1500 1356 1759">
    <p class='ocr_par' dir='ltr' id='par_1_6' title="bbox 156 1500 1356 1759">
     <span class='ocr_line' id='line_1_13' title="bbox 199 1500 1356 1567; baseline -0.004 0"><span class='ocrx_word' id='word_1_71' title='bbox 199 1501 333 1567; x_wconf 91' lang='lat' dir='ltr'><strong>Oblatis</strong></span> <span class='ocrx_word' id='word_1_72' title='bbox 356 1503 491 1566; x_wconf 93' lang='lat' dir='ltr'><strong>domine</strong></span> <span class='ocrx_word' id='word_1_73' title='bbox 516 1501 561 1564; x_wconf 95' lang='lat' dir='ltr'><strong>ob</strong></span> <span class='ocrx_word' id='word_1_74' title='bbox 587 1501 747 1564; x_wconf 88' lang='lat' dir='ltr'><strong>honorem</strong></span> <span class='ocrx_word' id='word_1_75' title='bbox 775 1502 863 1565; x_wconf 88' lang='lat' dir='ltr'><strong>beati</strong></span> <span class='ocrx_word' id='word_1_76' title='bbox 890 1502 1056 1565; x_wconf 90' lang='lat' dir='ltr'><strong>benedicti</strong></span> <span class='ocrx_word' id='word_1_77' title='bbox 1082 1500 1283 1564; x_wconf 91' lang='lat' dir='ltr'><strong>confessoris</strong></span> <span class='ocrx_word' id='word_1_78' title='bbox 1309 1500 1356 1563; x_wconf 87' lang='lat' dir='ltr'><strong>tui</strong></span> 
     </span>
     <span class='ocr_line' id='line_1_14' title="bbox 156 1585 1356 1672; baseline -0.003 -20"><span class='ocrx_word' id='word_1_79' title='bbox 156 1589 287 1672; x_wconf 89' lang='lat' dir='ltr'><strong>placare</strong></span> <span class='ocrx_word' id='word_1_80' title='bbox 303 1589 500 1652; x_wconf 91' lang='lat' dir='ltr'><strong>muneribus.</strong></span> <span class='ocrx_word' id='word_1_81' title='bbox 517 1598 550 1652; x_wconf 89' lang='lat' dir='ltr'><strong>et</strong></span> <span class='ocrx_word' id='word_1_82' title='bbox 567 1589 669 1670; x_wconf 91' lang='lat' dir='ltr'><strong>ipsius</strong></span> <span class='ocrx_word' id='word_1_83' title='bbox 679 1590 745 1652; x_wconf 87' lang='lat' dir='ltr'><strong>tuis</strong></span> <span class='ocrx_word' id='word_1_84' title='bbox 761 1588 891 1651; x_wconf 90' lang='lat' dir='ltr'><strong>famulis</strong></span> <span class='ocrx_word' id='word_1_85' title='bbox 904 1585 1145 1663; x_wconf 83' lang='lat' dir='ltr'><strong>interuentum†</strong></span> <span class='ocrx_word' id='word_1_86' title='bbox 1160 1599 1356 1652; x_wconf 88' lang='lat' dir='ltr'><strong>cunctorum</strong></span> 
     </span>
     <span class='ocr_line' id='line_1_15' title="bbox 156 1675 1196 1759; baseline -0.003 -19"><span class='ocrx_word' id='word_1_87' title='bbox 156 1676 263 1741; x_wconf 90' lang='lat' dir='ltr'><strong>tribue</strong></span> <span class='ocrx_word' id='word_1_88' title='bbox 279 1676 521 1759; x_wconf 88' lang='lat' dir='ltr'><strong>indulgentiam</strong></span> <span class='ocrx_word' id='word_1_89' title='bbox 537 1686 757 1758; x_wconf 88' lang='lat' dir='ltr'><strong>peccatorum.</strong></span> <span class='ocrx_word' id='word_1_90' title='bbox 775 1696 833 1758; x_wconf 88' lang='lat' dir='ltr'><strong>per</strong></span> <span class='ocrx_word' id='word_1_91' title='bbox 847 1675 1020 1738; x_wconf 93' lang='lat' dir='ltr'><strong>dominum</strong></span> <span class='ocrx_word' id='word_1_92' title='bbox 1037 1686 1196 1737; x_wconf 89' lang='lat' dir='ltr'><strong>nostrum.</strong></span> 
     </span>
    </p>
   </div>
   <div class='ocr_carea' id='block_1_7' title="bbox 661 1795 841 1876">
    <p class='ocr_par' dir='ltr' id='par_1_7' title="bbox 661 1795 841 1876">
     <span class='ocr_line' id='line_1_16' title="bbox 661 1795 841 1876; baseline 0.006 -19"><span class='ocrx_word' id='word_1_93' title='bbox 661 1795 841 1876; x_wconf 70' lang='lat' dir='ltr'><strong>Praefatio</strong></span> 
     </span>
    </p>
   </div>
   <div class='ocr_carea' id='block_1_8' title="bbox 153 1894 1354 2671">
    <p class='ocr_par' dir='ltr' id='par_1_8' title="bbox 153 1894 1354 2671">
     <span class='ocr_line' id='line_1_17' title="bbox 198 1894 1354 1977; baseline -0.004 -16"><span class='ocrx_word' id='word_1_94' title='bbox 198 1898 248 1961; x_wconf 73' lang='lat' dir='ltr'><strong>ff&gt;</strong></span> <span class='ocrx_word' id='word_1_95' title='bbox 272 1906 405 1958; x_wconf 88' lang='lat' dir='ltr'><strong>aeterne</strong></span> <span class='ocrx_word' id='word_1_96' title='bbox 419 1896 509 1958; x_wconf 88' lang='lat' dir='ltr'><strong>deus.</strong></span> <span class='ocrx_word' id='word_1_97' title='bbox 558 1896 603 1959; x_wconf 89' lang='lat' dir='ltr'><strong>Et</strong></span> <span class='ocrx_word' id='word_1_98' title='bbox 620 1905 653 1958; x_wconf 90' lang='lat' dir='ltr'><strong>te</strong></span> <span class='ocrx_word' id='word_1_99' title='bbox 668 1895 852 1958; x_wconf 90' lang='lat' dir='ltr'><strong>honorandi</strong></span> <span class='ocrx_word' id='word_1_100' title='bbox 869 1895 971 1977; x_wconf 89' lang='lat' dir='ltr'><strong>patris</strong></span> <span class='ocrx_word' id='word_1_101' title='bbox 986 1895 1152 1958; x_wconf 88' lang='lat' dir='ltr'><strong>benedicti</strong></span> <span class='ocrx_word' id='word_1_102' title='bbox 1173 1894 1354 1977; x_wconf 87' lang='lat' dir='ltr'><strong>gloriosam</strong></span> 
     </span>
     <span class='ocr_line' id='line_1_18' title="bbox 153 1981 1353 2063; baseline -0.003 -17"><span class='ocrx_word' id='word_1_103' title='bbox 153 1983 380 2046; x_wconf 89' lang='lat' dir='ltr'><strong>caelebrantes</strong></span> <span class='ocrx_word' id='word_1_104' title='bbox 416 1983 698 2063; x_wconf 86' lang='lat' dir='ltr'><strong>sollempnitatem</strong></span> <span class='ocrx_word' id='word_1_105' title='bbox 744 1981 933 2063; x_wconf 84' lang='lat' dir='ltr'><strong>glorificare</strong></span> <span class='ocrx_word' id='word_1_106' title='bbox 978 1982 1010 2043; x_wconf 96' lang='lat' dir='ltr'><strong>in</strong></span> <span class='ocrx_word' id='word_1_107' title='bbox 1053 2002 1121 2063; x_wconf 90' lang='lat' dir='ltr'><strong>quo</strong></span> <span class='ocrx_word' id='word_1_108' title='bbox 1159 1981 1222 2043; x_wconf 91' lang='lat' dir='ltr'><strong>hoc</strong></span> <span class='ocrx_word' id='word_1_109' title='bbox 1261 1983 1353 2044; x_wconf 87' lang='lat' dir='ltr'><strong>triste</strong></span> 
     </span>
     <span class='ocr_line' id='line_1_19' title="bbox 153 2069 1351 2151; baseline -0.003 -18"><span class='ocrx_word' id='word_1_110' title='bbox 153 2069 323 2133; x_wconf 88' lang='lat' dir='ltr'><strong>saeculum</strong></span> <span class='ocrx_word' id='word_1_111' title='bbox 339 2071 501 2132; x_wconf 82' lang='lat' dir='ltr'><strong>deserens,</strong></span> <span class='ocrx_word' id='word_1_112' title='bbox 518 2070 560 2132; x_wconf 98' lang='lat' dir='ltr'><strong>ad</strong></span> <span class='ocrx_word' id='word_1_113' title='bbox 583 2069 734 2132; x_wconf 88' lang='lat' dir='ltr'><strong>caelestis</strong></span> <span class='ocrx_word' id='word_1_114' title='bbox 749 2070 876 2151; x_wconf 87' lang='lat' dir='ltr'><strong>patriae</strong></span> <span class='ocrx_word' id='word_1_115' title='bbox 891 2069 1014 2150; x_wconf 90' lang='lat' dir='ltr'><strong>gaudia</strong></span> <span class='ocrx_word' id='word_1_116' title='bbox 1037 2070 1193 2150; x_wconf 90' lang='lat' dir='ltr'><strong>migrauit</strong></span> <span class='ocrx_word' id='word_1_117' title='bbox 1208 2078 1351 2131; x_wconf 88' lang='lat' dir='ltr'><strong>aeterna</strong></span> 
     </span>
     <span class='ocr_line' id='line_1_20' title="bbox 155 2155 1353 2239; baseline -0.003 -21"><span class='ocrx_word' id='word_1_118' title='bbox 155 2155 222 2239; x_wconf 85' lang='lat' dir='ltr'><strong>Qui</strong></span> <span class='ocrx_word' id='word_1_119' title='bbox 239 2157 343 2219; x_wconf 86' lang='lat' dir='ltr'><strong>sancti</strong></span> <span class='ocrx_word' id='word_1_120' title='bbox 360 2157 494 2238; x_wconf 89' lang='lat' dir='ltr'><strong>spiritus</strong></span> <span class='ocrx_word' id='word_1_121' title='bbox 506 2155 650 2237; x_wconf 89' lang='lat' dir='ltr'><strong>repletus</strong></span> <span class='ocrx_word' id='word_1_122' title='bbox 660 2156 750 2218; x_wconf 92' lang='lat' dir='ltr'><strong>dono</strong></span> <span class='ocrx_word' id='word_1_123' title='bbox 762 2155 926 2218; x_wconf 92' lang='lat' dir='ltr'><strong>decoratis</strong></span> <span class='ocrx_word' id='word_1_124' title='bbox 938 2155 1176 2218; x_wconf 88' lang='lat' dir='ltr'><strong>monachorum</strong></span> <span class='ocrx_word' id='word_1_125' title='bbox 1187 2155 1353 2237; x_wconf 89' lang='lat' dir='ltr'><strong>gregibus.</strong></span> 
     </span>
     <span class='ocr_line' id='line_1_21' title="bbox 154 2240 1353 2326; baseline -0.003 -20"><span class='ocrx_word' id='word_1_126' title='bbox 154 2244 277 2326; x_wconf 91' lang='lat' dir='ltr'><strong>dignus</strong></span> <span class='ocrx_word' id='word_1_127' title='bbox 303 2241 424 2305; x_wconf 78' lang='lat' dir='ltr'><strong>effulsit</strong></span> <span class='ocrx_word' id='word_1_128' title='bbox 450 2252 571 2324; x_wconf 88' lang='lat' dir='ltr'><strong>pastor.</strong></span> <span class='ocrx_word' id='word_1_129' title='bbox 626 2242 673 2305; x_wconf 90' lang='lat' dir='ltr'><strong>Et</strong></span> <span class='ocrx_word' id='word_1_130' title='bbox 702 2242 792 2323; x_wconf 92' lang='lat' dir='ltr'><strong>quod</strong></span> <span class='ocrx_word' id='word_1_131' title='bbox 817 2243 918 2305; x_wconf 91' lang='lat' dir='ltr'><strong>sacris</strong></span> <span class='ocrx_word' id='word_1_132' title='bbox 942 2243 1116 2305; x_wconf 89' lang='lat' dir='ltr'><strong>admonuit</strong></span> <span class='ocrx_word' id='word_1_133' title='bbox 1142 2240 1353 2304; x_wconf 85' lang='lat' dir='ltr'><strong>dictionibus</strong></span> 
     </span>
     <span class='ocr_line' id='line_1_22' title="bbox 154 2326 1350 2412; baseline -0.003 -19"><span class='ocrx_word' id='word_1_134' title='bbox 154 2331 278 2393; x_wconf 89' lang='lat' dir='ltr'><strong>sanctis</strong></span> <span class='ocrx_word' id='word_1_135' title='bbox 294 2329 448 2411; x_wconf 89' lang='lat' dir='ltr'><strong>impleuit</strong></span> <span class='ocrx_word' id='word_1_136' title='bbox 462 2329 626 2411; x_wconf 90' lang='lat' dir='ltr'><strong>operibus.</strong></span> <span class='ocrx_word' id='word_1_137' title='bbox 674 2329 722 2393; x_wconf 92' lang='lat' dir='ltr'><strong>Ut</strong></span> <span class='ocrx_word' id='word_1_138' title='bbox 744 2349 844 2410; x_wconf 90' lang='lat' dir='ltr'><strong>quam</strong></span> <span class='ocrx_word' id='word_1_139' title='bbox 867 2328 1003 2411; x_wconf 81' lang='lat' dir='ltr'><strong>disuinis</strong></span> <span class='ocrx_word' id='word_1_140' title='bbox 1026 2328 1160 2392; x_wconf 90' lang='lat' dir='ltr'><strong>inchoa·</strong></span> <span class='ocrx_word' id='word_1_141' title='bbox 1184 2326 1242 2412; x_wconf 88' lang='lat' dir='ltr'><strong>[fo.</strong></span> <span class='ocrx_word' id='word_1_142' title='bbox 1264 2344 1350 2391; x_wconf 88' lang='lat' dir='ltr'><strong>120v.</strong></span> 
     </span>
     <span class='ocr_line' id='line_1_23' title="bbox 155 2414 1352 2497; baseline -0.004 -17"><span class='ocrx_word' id='word_1_143' title='bbox 155 2426 250 2480; x_wconf 89' lang='lat' dir='ltr'><strong>uerat</strong></span> <span class='ocrx_word' id='word_1_144' title='bbox 286 2415 427 2478; x_wconf 90' lang='lat' dir='ltr'><strong>oraculis</strong></span> <span class='ocrx_word' id='word_1_145' title='bbox 464 2417 619 2478; x_wconf 89' lang='lat' dir='ltr'><strong>semitam</strong></span> <span class='ocrx_word' id='word_1_146' title='bbox 661 2415 825 2497; x_wconf 87' lang='lat' dir='ltr'><strong>exemplis</strong></span> <span class='ocrx_word' id='word_1_147' title='bbox 863 2425 1061 2478; x_wconf 86' lang='lat' dir='ltr'><strong>monstraret</strong></span> <span class='ocrx_word' id='word_1_148' title='bbox 1102 2414 1228 2477; x_wconf 82' lang='lat' dir='ltr'><strong>lucidis</strong></span> <span class='ocrx_word' id='word_1_149' title='bbox 1305 2414 1352 2478; x_wconf 91' lang='lat' dir='ltr'><strong>Ut</strong></span> 
     </span>
     <span class='ocr_line' id='line_1_24' title="bbox 155 2501 1352 2585; baseline -0.002 -20"><span class='ocrx_word' id='word_1_150' title='bbox 155 2502 299 2585; x_wconf 89' lang='lat' dir='ltr'><strong>gloriosa</strong></span> <span class='ocrx_word' id='word_1_151' title='bbox 316 2502 552 2564; x_wconf 88' lang='lat' dir='ltr'><strong>monachorum</strong></span> <span class='ocrx_word' id='word_1_152' title='bbox 570 2501 664 2583; x_wconf 84' lang='lat' dir='ltr'><strong>plebs</strong></span> <span class='ocrx_word' id='word_1_153' title='bbox 680 2512 818 2582; x_wconf 83' lang='lat' dir='ltr'><strong>paterna</strong></span> <span class='ocrx_word' id='word_1_154' title='bbox 830 2503 961 2564; x_wconf 82' lang='lat' dir='ltr'><strong>intuens</strong></span> <span class='ocrx_word' id='word_1_155' title='bbox 973 2502 1121 2583; x_wconf 88' lang='lat' dir='ltr'><strong>uestigia.</strong></span> <span class='ocrx_word' id='word_1_156' title='bbox 1133 2504 1176 2564; x_wconf 91' lang='lat' dir='ltr'><strong>ad</strong></span> <span class='ocrx_word' id='word_1_157' title='bbox 1192 2511 1352 2583; x_wconf 88' lang='lat' dir='ltr'><strong>perpetua</strong></span> 
     </span>
     <span class='ocr_line' id='line_1_25' title="bbox 156 2590 1137 2671; baseline -0.002 -19"><span class='ocrx_word' id='word_1_158' title='bbox 156 2591 237 2653; x_wconf 89' lang='lat' dir='ltr'><strong>lucis</strong></span> <span class='ocrx_word' id='word_1_159' title='bbox 253 2601 406 2651; x_wconf 85' lang='lat' dir='ltr'><strong>aeternae</strong></span> <span class='ocrx_word' id='word_1_160' title='bbox 419 2591 565 2670; x_wconf 83' lang='lat' dir='ltr'><strong>praemia</strong></span> <span class='ocrx_word' id='word_1_161' title='bbox 582 2591 692 2650; x_wconf 90' lang='lat' dir='ltr'><strong>uenire</strong></span> <span class='ocrx_word' id='word_1_162' title='bbox 710 2601 880 2650; x_wconf 88' lang='lat' dir='ltr'><strong>mereatur.</strong></span> <span class='ocrx_word' id='word_1_163' title='bbox 897 2610 955 2671; x_wconf 90' lang='lat' dir='ltr'><strong>per</strong></span> <span class='ocrx_word' id='word_1_164' title='bbox 970 2590 1137 2651; x_wconf 88' lang='lat' dir='ltr'><strong>christum.</strong></span> 
     </span>
    </p>
   </div>
   <div class='ocr_carea' id='block_1_9' title="bbox 602 2713 897 2794">
    <p class='ocr_par' dir='ltr' id='par_1_9' title="bbox 602 2713 897 2794">
     <span class='ocr_line' id='line_1_26' title="bbox 602 2713 897 2794; baseline 0.003 -20"><span class='ocrx_word' id='word_1_165' title='bbox 602 2713 664 2775; x_wconf 78' lang='lat' dir='ltr'><strong>Ad</strong></span> <span class='ocrx_word' id='word_1_166' title='bbox 674 2714 897 2794; x_wconf 57' lang='lat' dir='ltr'><strong>complendum.</strong></span> 
     </span>
    </p>
   </div>
   <div class='ocr_carea' id='block_1_10' title="bbox 157 2812 1354 3154">
    <p class='ocr_par' dir='ltr' id='par_1_10' title="bbox 157 2812 1354 3154">
     <span class='ocr_line' id='line_1_27' title="bbox 203 2812 1353 2893; baseline -0.002 -19"><span class='ocrx_word' id='word_1_167' title='bbox 203 2813 369 2893; x_wconf 87' lang='lat' dir='ltr'><strong>Perceptis</strong></span> <span class='ocrx_word' id='word_1_168' title='bbox 380 2812 515 2874; x_wconf 91' lang='lat' dir='ltr'><strong>domine</strong></span> <span class='ocrx_word' id='word_1_169' title='bbox 527 2812 609 2874; x_wconf 89' lang='lat' dir='ltr'><strong>deus</strong></span> <span class='ocrx_word' id='word_1_170' title='bbox 622 2822 739 2874; x_wconf 91' lang='lat' dir='ltr'><strong>noster.</strong></span> <span class='ocrx_word' id='word_1_171' title='bbox 753 2813 951 2875; x_wconf 85' lang='lat' dir='ltr'><strong>salutaribus</strong></span> <span class='ocrx_word' id='word_1_172' title='bbox 961 2813 1176 2874; x_wconf 84' lang='lat' dir='ltr'><strong>sacramentis</strong></span> <span class='ocrx_word' id='word_1_173' title='bbox 1186 2813 1353 2875; x_wconf 90' lang='lat' dir='ltr'><strong>humiliter</strong></span> 
     </span>
     <span class='ocr_line' id='line_1_28' title="bbox 157 2900 1354 2980; baseline -0.002 -18"><span class='ocrx_word' id='word_1_174' title='bbox 157 2910 191 2962; x_wconf 87' lang='lat' dir='ltr'><strong>te</strong></span> <span class='ocrx_word' id='word_1_175' title='bbox 206 2901 450 2980; x_wconf 88' lang='lat' dir='ltr'><strong>depraecamur.</strong></span> <span class='ocrx_word' id='word_1_176' title='bbox 468 2909 503 2960; x_wconf 92' lang='lat' dir='ltr'><strong>ut</strong></span> <span class='ocrx_word' id='word_1_177' title='bbox 520 2900 744 2962; x_wconf 88' lang='lat' dir='ltr'><strong>intercedente</strong></span> <span class='ocrx_word' id='word_1_178' title='bbox 768 2901 867 2962; x_wconf 88' lang='lat' dir='ltr'><strong>beato</strong></span> <span class='ocrx_word' id='word_1_179' title='bbox 888 2901 1074 2962; x_wconf 85' lang='lat' dir='ltr'><strong>confessore</strong></span> <span class='ocrx_word' id='word_1_180' title='bbox 1098 2911 1156 2962; x_wconf 86' lang='lat' dir='ltr'><strong>tuo</strong></span> <span class='ocrx_word' id='word_1_181' title='bbox 1180 2901 1354 2962; x_wconf 84' lang='lat' dir='ltr'><strong>benedicto</strong></span> 
     </span>
     <span class='ocr_line' id='line_1_29' title="bbox 158 2985 1351 3069; baseline -0.003 -20"><span class='ocrx_word' id='word_1_182' title='bbox 158 2995 257 3067; x_wconf 90' lang='lat' dir='ltr'><strong>atque</strong></span> <span class='ocrx_word' id='word_1_183' title='bbox 284 2985 414 3048; x_wconf 89' lang='lat' dir='ltr'><strong>abbate.</strong></span> <span class='ocrx_word' id='word_1_184' title='bbox 441 3006 526 3066; x_wconf 89' lang='lat' dir='ltr'><strong>quae</strong></span> <span class='ocrx_word' id='word_1_185' title='bbox 557 3007 616 3067; x_wconf 93' lang='lat' dir='ltr'><strong>pro</strong></span> <span class='ocrx_word' id='word_1_186' title='bbox 644 2987 729 3048; x_wconf 89' lang='lat' dir='ltr'><strong>illius</strong></span> <span class='ocrx_word' id='word_1_187' title='bbox 754 2989 943 3049; x_wconf 87' lang='lat' dir='ltr'><strong>uenerando</strong></span> <span class='ocrx_word' id='word_1_188' title='bbox 970 2989 1099 3069; x_wconf 84' lang='lat' dir='ltr'><strong>agimus</strong></span> <span class='ocrx_word' id='word_1_189' title='bbox 1127 2987 1229 3049; x_wconf 87' lang='lat' dir='ltr'><strong>obitu.</strong></span> <span class='ocrx_word' id='word_1_190' title='bbox 1259 2987 1351 3049; x_wconf 88' lang='lat' dir='ltr'><strong>nobis</strong></span> 
     </span>
     <span class='ocr_line' id='line_1_30' title="bbox 158 3072 827 3154; baseline 0.003 -21"><span class='ocrx_word' id='word_1_191' title='bbox 158 3072 331 3154; x_wconf 87' lang='lat' dir='ltr'><strong>proficiant</strong></span> <span class='ocrx_word' id='word_1_192' title='bbox 347 3075 388 3135; x_wconf 89' lang='lat' dir='ltr'><strong>ad</strong></span> <span class='ocrx_word' id='word_1_193' title='bbox 405 3073 554 3135; x_wconf 85' lang='lat' dir='ltr'><strong>salutem.</strong></span> <span class='ocrx_word' id='word_1_194' title='bbox 571 3094 629 3154; x_wconf 89' lang='lat' dir='ltr'><strong>per</strong></span> <span class='ocrx_word' id='word_1_195' title='bbox 645 3074 827 3136; x_wconf 87' lang='lat' dir='ltr'><strong>dominum.</strong></span> 
     </span>
    </p>
   </div>
   <div class='ocr_carea' id='block_1_11' title="bbox 632 3184 878 3265">
    <p class='ocr_par' dir='ltr' id='par_1_11' title="bbox 632 3184 878 3265">
     <span class='ocr_line' id='line_1_31' title="bbox 632 3184 878 3265; baseline 0.008 -19"><span class='ocrx_word' id='word_1_196' title='bbox 632 3184 693 3246; x_wconf 80' lang='lat' dir='ltr'><strong>Ad</strong></span> <span class='ocrx_word' id='word_1_197' title='bbox 708 3196 878 3265; x_wconf 76' lang='lat' dir='ltr'><strong>uesperum.</strong></span> 
     </span>
    </p>
   </div>
   <div class='ocr_carea' id='block_1_12' title="bbox 157 3284 1402 3623">
    <p class='ocr_par' dir='ltr' id='par_1_12' title="bbox 157 3284 1402 3623">
     <span class='ocr_line' id='line_1_32' title="bbox 202 3284 1402 3364; baseline 0.002 -20"><span class='ocrx_word' id='word_1_198' title='bbox 202 3284 366 3345; x_wconf 90' lang='lat' dir='ltr'><strong>Fidelium</strong></span> <span class='ocrx_word' id='word_1_199' title='bbox 391 3293 521 3345; x_wconf 92' lang='lat' dir='ltr'><strong>tuorum</strong></span> <span class='ocrx_word' id='word_1_200' title='bbox 538 3304 719 3364; x_wconf 87' lang='lat' dir='ltr'><strong>quesumus</strong></span> <span class='ocrx_word' id='word_1_201' title='bbox 744 3287 878 3347; x_wconf 89' lang='lat' dir='ltr'><strong>domine</strong></span> <span class='ocrx_word' id='word_1_202' title='bbox 906 3296 985 3347; x_wconf 86' lang='lat' dir='ltr'><strong>uota</strong></span> <span class='ocrx_word' id='word_1_203' title='bbox 1008 3306 1141 3346; x_wconf 89' lang='lat' dir='ltr'><strong>serenus</strong></span> <span class='ocrx_word' id='word_1_204' title='bbox 1165 3286 1301 3348; x_wconf 87' lang='lat' dir='ltr'><strong>intende</strong></span> <span class='ocrx_word' id='word_1_205' title='bbox 1323 3292 1353 3346; x_wconf 88' lang='lat' dir='ltr'><strong>et</strong></span> <span class='ocrx_word' id='word_1_206' title='bbox 1392 3338 1402 3347; x_wconf 82' lang='lat'><strong>.</strong></span> 
     </span>
     <span class='ocr_line' id='line_1_33' title="bbox 159 3370 1402 3452; baseline 0.002 -21"><span class='ocrx_word' id='word_1_207' title='bbox 159 3371 346 3431; x_wconf 87' lang='lat' dir='ltr'><strong>interuentu</strong></span> <span class='ocrx_word' id='word_1_208' title='bbox 363 3370 451 3431; x_wconf 89' lang='lat' dir='ltr'><strong>beati</strong></span> <span class='ocrx_word' id='word_1_209' title='bbox 471 3370 637 3432; x_wconf 88' lang='lat' dir='ltr'><strong>benedicti</strong></span> <span class='ocrx_word' id='word_1_210' title='bbox 653 3373 744 3433; x_wconf 89' lang='lat' dir='ltr'><strong>cuius</strong></span> <span class='ocrx_word' id='word_1_211' title='bbox 767 3373 985 3452; x_wconf 90' lang='lat' dir='ltr'><strong>depositionis</strong></span> <span class='ocrx_word' id='word_1_212' title='bbox 1007 3372 1235 3433; x_wconf 86' lang='lat' dir='ltr'><strong>caelebramus</strong></span> <span class='ocrx_word' id='word_1_213' title='bbox 1258 3374 1351 3435; x_wconf 89' lang='lat' dir='ltr'><strong>diem.</strong></span> <span class='ocrx_word' id='word_1_214' title='bbox 1382 3423 1402 3434; x_wconf 82' lang='grc'><strong>-</strong></span> 
     </span>
     <span class='ocr_line' id='line_1_34' title="bbox 159 3455 1393 3540; baseline 0.002 -22"><span class='ocrx_word' id='word_1_215' title='bbox 159 3476 179 3517; x_wconf 87' lang='lat' dir='ltr'><strong>a</strong></span> <span class='ocrx_word' id='word_1_216' title='bbox 191 3457 317 3518; x_wconf 89' lang='lat' dir='ltr'><strong>cunctis</strong></span> <span class='ocrx_word' id='word_1_217' title='bbox 334 3476 393 3517; x_wconf 90' lang='lat' dir='ltr'><strong>nos</strong></span> <span class='ocrx_word' id='word_1_218' title='bbox 403 3455 573 3519; x_wconf 90' lang='lat' dir='ltr'><strong>absolutos</strong></span> <span class='ocrx_word' id='word_1_219' title='bbox 585 3458 738 3520; x_wconf 89' lang='lat' dir='ltr'><strong>reatibus.</strong></span> <span class='ocrx_word' id='word_1_220' title='bbox 751 3457 843 3521; x_wconf 85' lang='lat' dir='ltr'><strong>festis</strong></span> <span class='ocrx_word' id='word_1_221' title='bbox 855 3460 1000 3521; x_wconf 90' lang='lat' dir='ltr'><strong>concede</strong></span> <span class='ocrx_word' id='word_1_222' title='bbox 1010 3459 1166 3520; x_wconf 87' lang='lat' dir='ltr'><strong>interesse</strong></span> <span class='ocrx_word' id='word_1_223' title='bbox 1178 3459 1351 3540; x_wconf 86' lang='lat' dir='ltr'><strong>perpetuis.</strong></span> <span class='ocrx_word' id='word_1_224' title='bbox 1368 3509 1393 3521; x_wconf 86' lang='lat'><strong>-</strong></span> 
     </span>
     <span class='ocr_line' id='line_1_35' title="bbox 157 3544 413 3623; baseline -0.008 -18"><span class='ocrx_word' id='word_1_225' title='bbox 157 3563 216 3623; x_wconf 90' lang='lat' dir='ltr'><strong>per</strong></span> <span class='ocrx_word' id='word_1_226' title='bbox 232 3544 413 3604; x_wconf 91' lang='lat' dir='ltr'><strong>dominum.</strong></span> 
     </span>
    </p>
   </div>
   <div class='ocr_carea' id='block_1_13' title="bbox 274 3696 1250 3763">
    <p class='ocr_par' dir='ltr' id='par_1_13' title="bbox 274 3696 1250 3763">
     <span class='ocr_line' id='line_1_36' title="bbox 274 3696 1250 3763; baseline 0.006 -7"><span class='ocrx_word' id='word_1_227' title='bbox 274 3709 349 3757; x_wconf 81' lang='lat' dir='ltr'><strong>vrri.</strong></span> <span class='ocrx_word' id='word_1_228' title='bbox 369 3696 459 3757; x_wconf 76' lang='lat' dir='ltr'><strong>Knu.</strong></span> <span class='ocrx_word' id='word_1_229' title='bbox 476 3696 566 3758; x_wconf 70' lang='lat' dir='ltr'><strong>Arre.</strong></span> <span class='ocrx_word' id='word_1_230' title='bbox 586 3698 864 3763; x_wconf 75' lang='lat' dir='ltr'><strong>Anuurrnrro</strong></span> <span class='ocrx_word' id='word_1_231' title='bbox 888 3700 1063 3763; x_wconf 68' lang='lat' dir='ltr'><strong>Sancum</strong></span> <span class='ocrx_word' id='word_1_232' title='bbox 1089 3700 1250 3762; x_wconf 68' lang='lat' dir='ltr'><strong>Mamas.</strong></span> 
     </span>
    </p>
   </div>
   <div class='ocr_carea' id='block_1_14' title="bbox 158 3807 1402 3981">
    <p class='ocr_par' dir='ltr' id='par_1_14' title="bbox 158 3807 1402 3981">
     <span class='ocr_line' id='line_1_37' title="bbox 203 3807 1381 3892; baseline 0.001 -22"><span class='ocrx_word' id='word_1_233' title='bbox 203 3807 294 3870; x_wconf 89' lang='lat' dir='ltr'><strong>Deus</strong></span> <span class='ocrx_word' id='word_1_234' title='bbox 311 3809 366 3887; x_wconf 92' lang='lat' dir='ltr'><strong>qui</strong></span> <span class='ocrx_word' id='word_1_235' title='bbox 383 3808 501 3870; x_wconf 89' lang='lat' dir='ltr'><strong>beatae</strong></span> <span class='ocrx_word' id='word_1_236' title='bbox 525 3811 647 3871; x_wconf 86' lang='lat' dir='ltr'><strong>mariae</strong></span> <span class='ocrx_word' id='word_1_237' title='bbox 672 3812 807 3892; x_wconf 91' lang='lat' dir='ltr'><strong>uirginis</strong></span> <span class='ocrx_word' id='word_1_238' title='bbox 832 3824 925 3876; x_wconf 89' lang='lat' dir='ltr'><strong>utero</strong></span> <span class='ocrx_word' id='word_1_239' title='bbox 950 3812 1087 3874; x_wconf 88' lang='lat' dir='ltr'><strong>uerbum</strong></span> <span class='ocrx_word' id='word_1_240' title='bbox 1111 3822 1206 3873; x_wconf 90' lang='lat' dir='ltr'><strong>tuum</strong></span> <span class='ocrx_word' id='word_1_241' title='bbox 1234 3811 1381 3892; x_wconf 75' lang='lat' dir='ltr'><strong>angelo</strong></span> 
     </span>
     <span class='ocr_line' id='line_1_38' title="bbox 158 3896 1402 3981; baseline 0.003 -24"><span class='ocrx_word' id='word_1_242' title='bbox 158 3896 334 3957; x_wconf 88' lang='lat' dir='ltr'><strong>nuntiante</strong></span> <span class='ocrx_word' id='word_1_243' title='bbox 349 3915 482 3956; x_wconf 89' lang='lat' dir='ltr'><strong>carnem</strong></span> <span class='ocrx_word' id='word_1_244' title='bbox 503 3897 668 3977; x_wconf 90' lang='lat' dir='ltr'><strong>suscipere</strong></span> <span class='ocrx_word' id='word_1_245' title='bbox 691 3899 832 3961; x_wconf 90' lang='lat' dir='ltr'><strong>uoluisti.</strong></span> <span class='ocrx_word' id='word_1_246' title='bbox 850 3910 980 3981; x_wconf 87' lang='lat' dir='ltr'><strong>praesta</strong></span> <span class='ocrx_word' id='word_1_247' title='bbox 1003 3899 1206 3980; x_wconf 89' lang='lat' dir='ltr'><strong>supplicibus</strong></span> <span class='ocrx_word' id='word_1_248' title='bbox 1230 3900 1301 3960; x_wconf 90' lang='lat' dir='ltr'><strong>tuis.</strong></span> <span class='ocrx_word' id='word_1_249' title='bbox 1317 3917 1402 3961; x_wconf 73' lang='lat' dir='ltr'><strong>ut</strong></span> 
     </span>
    </p>
   </div>
   <div class='ocr_carea' id='block_1_15' title="bbox 156 3983 1402 4150">
    <p class='ocr_par' dir='ltr' id='par_1_15' title="bbox 156 3983 1402 4150">
     <span class='ocr_line' id='line_1_39' title="bbox 157 3983 1402 4067; baseline 0.002 -23"><span class='ocrx_word' id='word_1_250' title='bbox 157 3983 214 4063; x_wconf 90' lang='lat' dir='ltr'><strong>qui</strong></span> <span class='ocrx_word' id='word_1_251' title='bbox 238 4002 314 4043; x_wconf 89' lang='lat' dir='ltr'><strong>uere</strong></span> <span class='ocrx_word' id='word_1_252' title='bbox 338 4002 410 4043; x_wconf 88' lang='lat' dir='ltr'><strong>eam</strong></span> <span class='ocrx_word' id='word_1_253' title='bbox 434 3983 636 4062; x_wconf 89' lang='lat' dir='ltr'><strong>genetricem</strong></span> <span class='ocrx_word' id='word_1_254' title='bbox 652 3984 705 4046; x_wconf 88' lang='lat' dir='ltr'><strong>dei</strong></span> <span class='ocrx_word' id='word_1_255' title='bbox 731 3987 904 4048; x_wconf 89' lang='lat' dir='ltr'><strong>credimus.</strong></span> <span class='ocrx_word' id='word_1_256' title='bbox 929 3987 999 4048; x_wconf 89' lang='lat' dir='ltr'><strong>eius</strong></span> <span class='ocrx_word' id='word_1_257' title='bbox 1026 3988 1115 4067; x_wconf 83' lang='lat' dir='ltr'><strong>apud</strong></span> <span class='ocrx_word' id='word_1_258' title='bbox 1141 3996 1174 4047; x_wconf 91' lang='lat' dir='ltr'><strong>te</strong></span> <span class='ocrx_word' id='word_1_259' title='bbox 1200 3987 1402 4046; x_wconf 55' lang='lat' dir='ltr'><strong>interce&amp;</strong></span> 
     </span>
     <span class='ocr_line' id='line_1_40' title="bbox 156 4069 607 4150; baseline 0.002 -19"><span class='ocrx_word' id='word_1_260' title='bbox 156 4069 305 4132; x_wconf 90' lang='lat' dir='ltr'><strong>sionibus</strong></span> <span class='ocrx_word' id='word_1_261' title='bbox 321 4069 524 4130; x_wconf 89' lang='lat' dir='ltr'><strong>adiuuemur.</strong></span> <span class='ocrx_word' id='word_1_262' title='bbox 542 4089 607 4150; x_wconf 88' lang='lat' dir='ltr'><strong>per.</strong></span> 
     </span>
    </p>
   </div>
   <div class='ocr_carea' id='block_1_16' title="bbox 707 4182 799 4247">
    <p class='ocr_par' dir='ltr' id='par_1_16' title="bbox 707 4182 799 4247">
     <span class='ocr_line' id='line_1_41' title="bbox 707 4182 799 4247; baseline 0.033 -3"><span class='ocrx_word' id='word_1_263' title='bbox 707 4182 799 4247; x_wconf 81' lang='lat' dir='ltr'><strong>Alia.</strong></span> 
     </span>
    </p>
   </div>
   <div class='ocr_carea' id='block_1_17' title="bbox 151 4283 1366 4539">
    <p class='ocr_par' dir='ltr' id='par_1_17' title="bbox 151 4283 1366 4539">
     <span class='ocr_line' id='line_1_42' title="bbox 201 4283 1366 4367; baseline -0.003 -21"><span class='ocrx_word' id='word_1_264' title='bbox 201 4284 292 4347; x_wconf 92' lang='lat' dir='ltr'><strong>Deus</strong></span> <span class='ocrx_word' id='word_1_265' title='bbox 322 4285 378 4365; x_wconf 92' lang='lat' dir='ltr'><strong>qui</strong></span> <span class='ocrx_word' id='word_1_266' title='bbox 409 4283 570 4346; x_wconf 90' lang='lat' dir='ltr'><strong>hodierna</strong></span> <span class='ocrx_word' id='word_1_267' title='bbox 600 4285 654 4348; x_wconf 88' lang='lat' dir='ltr'><strong>die</strong></span> <span class='ocrx_word' id='word_1_268' title='bbox 681 4286 819 4350; x_wconf 91' lang='lat' dir='ltr'><strong>uerbum</strong></span> <span class='ocrx_word' id='word_1_269' title='bbox 850 4298 945 4350; x_wconf 93' lang='lat' dir='ltr'><strong>tuum</strong></span> <span class='ocrx_word' id='word_1_270' title='bbox 970 4286 1088 4350; x_wconf 88' lang='lat' dir='ltr'><strong>beatae</strong></span> <span class='ocrx_word' id='word_1_271' title='bbox 1115 4287 1250 4367; x_wconf 90' lang='lat' dir='ltr'><strong>uirginis</strong></span> <span class='ocrx_word' id='word_1_272' title='bbox 1276 4284 1366 4348; x_wconf 84' lang='lat' dir='ltr'><strong>aluo</strong></span> 
     </span>
     <span class='ocr_line' id='line_1_43' title="bbox 153 4370 1354 4455; baseline 0 -23"><span class='ocrx_word' id='word_1_273' title='bbox 153 4372 341 4433; x_wconf 90' lang='lat' dir='ltr'><strong>coadunare</strong></span> <span class='ocrx_word' id='word_1_274' title='bbox 372 4370 514 4432; x_wconf 91' lang='lat' dir='ltr'><strong>uoluisti.</strong></span> <span class='ocrx_word' id='word_1_275' title='bbox 546 4371 597 4433; x_wconf 88' lang='lat' dir='ltr'><strong>fac</strong></span> <span class='ocrx_word' id='word_1_276' title='bbox 628 4392 688 4434; x_wconf 89' lang='lat' dir='ltr'><strong>nos</strong></span> <span class='ocrx_word' id='word_1_277' title='bbox 717 4375 762 4436; x_wconf 86' lang='lat' dir='ltr'><strong>ita</strong></span> <span class='ocrx_word' id='word_1_278' title='bbox 796 4376 883 4437; x_wconf 91' lang='lat' dir='ltr'><strong>hunc</strong></span> <span class='ocrx_word' id='word_1_279' title='bbox 914 4376 1001 4437; x_wconf 88' lang='lat' dir='ltr'><strong>diem</strong></span> <span class='ocrx_word' id='word_1_280' title='bbox 1027 4394 1192 4455; x_wconf 87' lang='lat' dir='ltr'><strong>peragere.</strong></span> <span class='ocrx_word' id='word_1_281' title='bbox 1223 4384 1259 4435; x_wconf 92' lang='lat' dir='ltr'><strong>ut</strong></span> <span class='ocrx_word' id='word_1_282' title='bbox 1287 4370 1354 4434; x_wconf 86' lang='lat' dir='ltr'><strong>tibi</strong></span> 
     </span>
     <span class='ocr_line' id='line_1_44' title="bbox 151 4456 916 4539; baseline 0.007 -21"><span class='ocrx_word' id='word_1_283' title='bbox 151 4457 282 4539; x_wconf 88' lang='lat' dir='ltr'><strong>placere</strong></span> <span class='ocrx_word' id='word_1_284' title='bbox 298 4456 476 4520; x_wconf 80' lang='lat' dir='ltr'><strong>ualeamus</strong></span> <span class='ocrx_word' id='word_1_285' title='bbox 494 4478 553 4538; x_wconf 88' lang='lat' dir='ltr'><strong>per</strong></span> <span class='ocrx_word' id='word_1_286' title='bbox 568 4460 741 4523; x_wconf 91' lang='lat' dir='ltr'><strong>dominum</strong></span> <span class='ocrx_word' id='word_1_287' title='bbox 759 4473 916 4525; x_wconf 89' lang='lat' dir='ltr'><strong>nostrum.</strong></span> 
     </span>
    </p>
   </div>
   <div class='ocr_carea' id='block_1_18' title="bbox 0 0 1531 5092">
    <p class='ocr_par' dir='ltr' id='par_1_18' title="bbox 0 0 1531 5092">
     <span class='ocr_line' id='line_1_45' title="bbox 0 0 1531 5092; baseline 0 0"><span class='ocrx_word' id='word_1_288' title='bbox 0 0 1531 5092; x_wconf 95' lang='lat' dir='ltr'><strong> </strong></span> 
     </span>
    </p>
   </div>
  </div>
 </body>
</html>
