3046 5092
377 360 488 411 MISSA
511 358 567 410 Ar)
589 358 824 410 POSCENDAM
840 358 1127 410 SERENITAYEM
1310 360 1360 425 265

156 513 359 597 principibus
386 513 507 578 nostris
532 512 694 596 propitius
719 513 837 577 adesse
863 513 1016 595 digneris.
1034 523 1071 577 ut
1094 513 1150 595 qui
1174 523 1232 576 tua
1254 533 1357 596 expe·

149 602 517 751 ἲειέιίἰῐεῒῐεῐῃρτοϊεεῒίοηε
532 600 674 664 delendi.
690 598 844 663 omnibus
865 600 931 663 sint
952 598 1101 663 hostibus
1125 601 1283 663 fortiores.
1299 622 1361 684 per

611 808 673 869 Ad
682 807 907 888 complendum.

202 921 294 983 Deus
318 930 433 983 auctor
459 921 549 1002 pacis
572 928 606 981 et
629 928 766 981 amator.
783 937 881 999 quern
908 937 1005 980 nosse
1027 920 1145 982 uiuere.
1161 920 1213 981 cui
1236 919 1358 981 seruire

157 1026 294 1089 regnare
309 1016 360 1069 est
375 1017 513 1088 protege
537 1005 581 1068 ab
595 1005 749 1068 omnibus
772 1003 1066 1086 inpugnationibus
1082 1005 1246 1087 supplices
1272 1015 1357 1068 tuos.

156 1103 192 1156 ut
216 1095 273 1175 qui
300 1095 332 1155 in
357 1093 550 1156 defensione
580 1101 637 1155 tua
660 1091 865 1154 confidimus.
890 1091 1010 1154 nullius
1040 1093 1231 1155 hostilitatis
1262 1113 1355 1155 arma

156 1181 341 1243 timeamus.
358 1201 416 1262 per
431 1181 603 1243 dominum
621 1189 778 1241 nostrum.

398 1371 515 1435 M1ssn
537 1386 589 1434 AI)
614 1372 789 1437 Peuumn
815 1372 1110 1436 Posrumnmn.

201 1495 293 1558 Deus
309 1497 341 1557 in
358 1516 425 1577 quo
440 1497 583 1559 uiuimus
605 1517 776 1560 mouemur
796 1507 828 1560 et
845 1517 959 1559 sumus
975 1497 1122 1578 pluuiam
1139 1497 1234 1560 nobis
1250 1497 1357 1561 tribue

154 1593 401 1665 congruentem.
419 1593 454 1645 ut
478 1585 707 1664 praesentibus
722 1584 877 1647 subsidiis
893 1583 1091 1646 sufficienter
1106 1584 1217 1646 adiuti.
1234 1586 1357 1667 sempi-

154 1679 249 1734 terna
265 1668 447 1733 fiducialius
463 1681 668 1752 appetamus.
684 1692 750 1753 per.

691 1808 827 1871 Secreta.

200 1918 333 1982 Oblatis
357 1920 492 1981 domine
507 1919 638 2002 placare
656 1918 852 1982 muneribus
870 1928 903 1981 et
919 1930 1120 2001 oportunum
1137 1919 1232 1982 nobis
1248 1920 1357 1983 tribue

155 2005 288 2087 pluuiae
303 2004 495 2069 sufficientis
510 2005 680 2068 auxilium.
697 2027 762 2088 per.

666 2135 845 2214 Praqfastb.

200 2249 251 2312 ff)
268 2257 401 2309 aeterne
416 2246 506 2309 deus.
552 2247 775 2311 Obsecrantes
804 2248 1060 2310 misericordiam
1087 2257 1177 2310 tuam
1199 2257 1234 2310 ut
1258 2268 1357 2329 squa-

157 2334 264 2397 lentes
295 2335 364 2415 agri
395 2334 565 2397 foecundis
596 2332 754 2397 imbribus
788 2335 976 2416 inrigentur.
1021 2333 1165 2418 lQuibus
1197 2334 1252 2415 [so.
1287 2352 1357 2413 192.

156 2421 319 2483 aestiuum
352 2421 531 2483 mitientur¹
556 2420 689 2483 ardores
713 2422 783 2483 siue
813 2422 996 2503 ingentium
1026 2421 1214 2484 morborum
1245 2423 1354 2484 extin-

157 2518 278 2587 guatur
292 2509 452 2570 accensio,
469 2507 556 2570 salus
571 2505 760 2570 hominibus
777 2508 997 2587 iumentisque
1013 2509 1194 2588 proueniat.
1239 2508 1354 2588 Atque

156 2604 193 2657 ut
208 2594 290 2656 haec
307 2603 340 2656 te
356 2594 516 2676 largiente
539 2614 730 2657 mereamur.
751 2605 888 2676 peccata
912 2614 996 2674 quae
1021 2593 1116 2657 nobis
1139 2595 1355 2658 aduersantur

156 2679 280 2743 relaxa
325 2678 392 2761 Qui
408 2680 494 2762 pluis
509 2700 607 2762 super
630 2681 732 2743 iustos
755 2691 788 2744 et
814 2681 952 2743 iniustos
977 2681 1077 2743 etiam
1106 2682 1226 2743 nostris
1250 2681 1354 2744 oflen-

156 2767 305 2830 sionibus
335 2767 501 2830 relaxatis.
525 2770 680 2849 expecta²
712 2767 848 2830 nubium
882 2787 1019 2830 munera
1050 2767 1204 2849 largiaris.
1235 2769 1356 2850 quibus

157 2863 189 2916 et
205 2854 296 2916 salus
312 2854 407 2916 nobis
422 2864 456 2916 et
471 2852 629 2916 alimenta
645 2863 858 2935 praestentur.
876 2875 934 2935 per
948 2853 1116 2917 christum.

612 2991 674 3053 Ad
683 2990 908 3072 corrrplcndum.

201 3103 256 3166 Da
287 3103 381 3166 nobis
411 3122 589 3184 quesumus
619 3103 755 3166 domine
784 3103 930 3186 pluuiam
959 3102 1136 3165 salutarem
1168 3112 1201 3165 et
1228 3105 1354 3167 aridam

157 3200 262 3253 terrae
286 3189 400 3252 lacias³
423 3190 554 3253 fluentis
578 3189 774 3253 caelestibus
798 3191 974 3272 dignanter
997 3188 1139 3252 insunde.
1164 3211 1222 3272 per
1248 3191 1353 3253 domi-

157 3296 245 3339 num.

386 3460 502 3524 Mrssn
525 3475 577 3522 AI)
602 3460 829 3524 Poscennmr
856 3459 1139 3524 SERENITATEM.

201 3588 258 3652 Ad
289 3598 323 3651 te
354 3609 414 3651 nos
444 3589 579 3651 domine
605 3588 787 3651 clamantes
811 3590 942 3652 exaudi.
969 3599 1002 3652 et
1029 3589 1112 3651 aeris
1143 3589 1353 3650 serenitatem

158 3676 254 3737 nobis
277 3676 406 3738 tribuae
432 3675 703 3757 supplicantibus.
719 3686 755 3737 ut
771 3676 827 3756 qui
855 3695 915 3756 pro
934 3676 1078 3757 peccatis
1104 3676 1223 3737 nostris
1250 3675 1355 3737 iustae

158 3760 343 3843 affligimur.
361 3763 583 3825 misericordia
598 3772 655 3825 tua
680 3762 914 3843 praeueniente
938 3761 1148 3824 clementiam
1166 3762 1355 3822 sentiamus.

158 3848 406 3929 perdominum.

689 3969 826 4032 Secreta.

202 4081 398 4144 Praeueniat
414 4101 473 4142 nos
489 4100 667 4162 quesumus
683 4081 817 4143 domine
838 4081 946 4162 gratia
961 4089 1018 4142 tua
1041 4098 1171 4159 semper
1186 4088 1219 4140 et
1243 4079 1355 4141 subse-

158 4165 317 4248 quanturl
339 4178 372 4230 et
399 4167 459 4229 has
489 4167 673 4229 oblationes
703 4187 785 4248 quas
816 4188 876 4249 pro
906 4166 1050 4249 peccatis
1083 4166 1202 4227 nostris
1227 4167 1353 4228 nomini

158 4264 214 4316 tuo
235 4256 477 4317 consecrandas
503 4253 689 4316 deserimus
714 4253 875 4335 benignus
902 4272 1041 4315 assume.
1067 4264 1103 4315 ut
1126 4273 1184 4334 per
1200 4252 1354 4314 interces-

547 4384 556 4416 ¹
574 4388 622 4437 For
633 4396 746 4438 aestuum
759 4390 914 4451 nn'trjgentur.

545 4449 556 4483 ²
573 4453 622 4502 For
632 4462 761 4517 expectata.

545 4517 557 4550 ⁸
573 4519 622 4567 For
635 4519 728 4568 faciem.
