3046 5092
496 338 600 389 SABB.
619 339 668 389 IN
680 339 745 391 XII.
765 338 1027 391 LECTIONIBUS.
1319 352 1362 401 141

159 490 355 555 sublimitas.
372 491 521 574 uirginea
543 492 691 556 crederet
713 492 840 575 puritas
860 491 1035 555 ineffabilis
1057 490 1229 574 perficeret
1243 492 1360 556 deitas.

161 578 255 642 Illius
271 580 383 660 itaque
399 589 554 661 optamus
567 589 600 641 te
609 579 795 661 opitulante
805 599 937 641 cernere
948 578 1065 641 faciem
1077 579 1148 641 sine
1159 579 1359 642 confusione.

159 666 253 728 euius
269 667 504 728 incarnationis
527 666 711 749 gaudemus
735 667 989 748 sollempnitate.
1015 665 1182 748 Quatinus
1197 665 1360 748 purificati

160 752 297 815 ieiuniis.
313 754 441 815 cunctis
457 753 587 833 purgati
611 773 631 814 a
653 754 750 816 uitiis.
771 755 891 815 natalis
913 754 984 815 eius
1001 754 1159 816 interesse
1176 773 1361 816 mereamur

161 839 401 921 sollempnibus
412 839 511 901 sestis
527 859 709 922 perquem.

610 959 672 1021 Ad
691 960 920 1040 complendum.

205 1061 366 1126 Salutaris
382 1063 429 1125 tui
455 1063 590 1125 domine
611 1083 747 1125 munere
774 1065 894 1126 satiati.
917 1062 1082 1145 supplices
1113 1065 1358 1145 depraecamur.

159 1159 196 1213 ut
211 1150 304 1211 cuius
321 1150 484 1212 laetamur
497 1159 605 1230 gustu.
617 1170 814 1213 renouemur
829 1149 956 1213 effectu.
974 1171 1033 1232 per
1047 1152 1228 1213 dominum.

659 1319 778 1382 Fama
801 1320 862 1384 Vl.

204 1431 328 1494 Excita
358 1430 493 1493 domine
527 1451 706 1512 quesumus
737 1433 922 1514 potentiam
954 1442 1046 1494 tuam
1078 1441 1111 1494 et
1142 1431 1225 1494 ueni.
1257 1442 1294 1496 ut
1324 1433 1357 1495 hi

158 1519 214 1600 qui
232 1520 264 1581 in
276 1529 333 1581 tua
349 1520 473 1600 pietate
490 1518 661 1581 confidunt
677 1519 719 1580 ab
736 1519 825 1580 omni
843 1520 939 1581 citius
955 1520 1157 1582 aduersitate
1169 1518 1356 1583 liberentur.

160 1625 226 1686 per·
644 1707 842 1791 f[Secreta.¹]
1210 1707 1267 1793 [so.
1289 1727 1357 1773 101.

203 1807 398 1872 Muneribus
423 1808 544 1870 nostris
571 1828 750 1889 quesumus
775 1807 910 1870 domine
935 1808 1172 1890 praecibusque
1188 1810 1358 1891 susceptis

158 1907 192 1958 et
217 1894 415 1958 caelestibus
440 1915 500 1957 nos
531 1896 656 1957 munda
684 1896 858 1976 mysteriis.
890 1904 924 1957 et
951 1896 1130 1958 clementer
1152 1898 1284 1960 exaudi.
1301 1918 1358 1978 per

158 1983 342 2044 dominum.

670 2083 853 2163 Praefatio.

203 2189 253 2252 G)
270 2199 404 2251 aeterne
419 2189 509 2250 deus.
554 2186 621 2268 Qui
632 2186 855 2250 sanctificator
867 2199 944 2250 eset
955 2187 1124 2250 institutor
1139 2189 1360 2253 abstInentiae

158 2277 252 2338 cuius
278 2276 386 2337 nullus
414 2274 495 2336 linis.
521 2274 696 2355 nullusque
722 2286 773 2337 est
798 2295 960 2337 numerus.
1008 2274 1153 2338 Effunde
1179 2296 1360 2358 quesumus

158 2383 260 2444 super
276 2364 349 2423 n0s²
365 2363 559 2423 ieiuniorum
577 2371 764 2423 nostrorum
781 2361 931 2443 spiritum
948 2364 1074 2443 gratiae
1091 2361 1251 2425 salutaris.
1267 2373 1301 2425 et
1317 2365 1360 2426 ab

157 2447 315 2511 omnibus
353 2469 413 2510 nos
450 2448 753 2529 perturbationibus
791 2448 913 2510 saeculi
953 2450 1048 2511 huius
1079 2458 1136 2510 tua
1167 2448 1358 2512 defensione

158 2555 327 2597 conserua.
345 2545 381 2597 ut
397 2536 452 2616 qui
469 2535 630 2611 unigeniti
647 2535 694 2596 tui
711 2534 938 2597 caelebramus
954 2537 1145 2598 aduentum.
1162 2538 1357 2599 continuum

158 2622 230 2685 cius
245 2623 428 2684 sentiamus
444 2621 614 2683 auxilium.
631 2642 690 2702 per
704 2641 813 2702 quem.

606 2742 668 2803 Ad
678 2742 901 2822 conplendum.

200 2846 267 2908 Tui
298 2866 358 2907 nos
389 2846 524 2907 domme
554 2845 752 2907 sacramenti
784 2844 899 2907 libatio
929 2855 1045 2907 sancta
1076 2855 1245 2909 restauret.
1275 2859 1308 2910 et
1339 2869 1358 2909 a

156 2944 325 2995 uetustate
340 2944 506 3014 purgatos.
520 2933 552 2993 in
564 2932 712 3013 mysterii
723 2930 874 2994 salutaris
887 2932 986 2995 saciat
996 2934 1134 2995 transire
1146 2936 1357 2996 consortium.

157 3039 216 3101 per
232 3021 415 3082 dominum.

444 3190 615 3255 Snnssnro
639 3203 680 3251 ΙΝ
705 3188 785 3252 XII.
811 3189 1074 3253 Lecrromaus.

201 3302 295 3364 Deus
310 3302 367 3382 qui
390 3303 553 3384 conspicis
577 3303 655 3384 quia
679 3323 724 3363 ex
751 3312 863 3364 nostra
890 3302 1054 3383 prauitate
1079 3301 1264 3384 affligimur.
1280 3325 1357 3368 con·

157 3390 239 3452 cede
256 3390 418 3471 propitius
434 3400 470 3451 ut
486 3410 529 3451 ex
547 3401 604 3451 tua
620 3390 811 3451 uisitatione
825 3389 1043 3451 consolemur.
1060 3410 1125 3472 per.

713 3508 805 3571 Alia.

200 3610 357 3676 Concede
377 3632 557 3693 quesumus
584 3611 795 3694 omnipotens
819 3610 908 3674 deus
925 3620 962 3674 ut
985 3612 1041 3694 qui
1058 3613 1121 3675 sub
1136 3614 1262 3694 peccati
1279 3615 1357 3696 iugo

156 3718 201 3760 ex
229 3709 363 3761 uetusta
387 3701 546 3761 seruitute
579 3698 787 3779 deprimitur³
825 3709 1004 3779 expectata
1028 3700 1190 3781 unigeniti
1218 3701 1277 3764 silii
1309 3703 1357 3765 tui

155 3804 245 3848 noua
261 3786 436 3848 natiuitate
451 3785 637 3847 liberemur.
653 3806 712 3866 per
727 3786 908 3848 dominum.

712 3905 803 3968 Alia.

201 4009 364 4091 Indignos
389 4030 449 4072 nos
472 4029 653 4091 quesumus
678 4008 813 4071 domine
841 4007 982 4071 famulos
1009 4019 1085 4072 tuos
1109 4030 1193 4092 quos
1216 4011 1356 4076 actionis

156 4097 318 4265 pgprqpeq
338 4096 435 4179 culpa
459 4098 640 4160 contristat.
664 4095 826 4178 unigeniti
850 4094 907 4156 filii
931 4097 979 4158 tui
997 4117 1058 4159 nos
1074 4098 1240 4160 aduentus
1263 4098 1357 4163 laeti·

187 4306 196 4340 ¹
213 4310 278 4359 This
288 4310 398 4375 heading
409 4311 430 4359 is
441 4310 546 4360 omitted
558 4309 584 4360 in
596 4310 638 4360 tbe
652 4309 708 4360 MS.
723 4309 806 4359 where
817 4325 891 4373 space
902 4309 948 4359 has
960 4310 1023 4359 been
1036 4309 1078 4359 left
1090 4310 1128 4359 sor
1139 4310 1158 4360 it
1171 4327 1203 4360 on
1215 4311 1257 4361 fol.
1275 4325 1328 4363 τοι.

162 4442 169 4453 ·
186 4374 198 4408 ¹
214 4375 364 4452 Something
375 4391 455 4425 seems
471 4383 498 4426 to
514 4376 579 4426 bave
595 4376 660 4425 been
677 4375 783 4425 omitted
799 4375 877 4425 here:
895 4376 1017 4440 probably
1035 4376 1078 4425 the
1096 4376 1199 4441 missing
1218 4379 1299 4428 words
1315 4395 1357 4429 are

155 4441 449 4573 ''ff‘fssfymim
