3046 5092
475 364 591 415 HEBD.
626 365 653 415 V.
682 364 818 427 QUADR.
865 366 1044 417 SABBATO.
1332 369 1363 432 83

668 542 848 624 Praefatio.

206 655 256 718 ff)
272 663 408 717 aeterne
423 655 513 718 deus.
560 654 625 737 Qui
642 656 689 718 sic
705 657 801 719 nobis
817 657 933 720 tribuis
957 657 1142 740 sollempne
1159 659 1219 722 tibi
1236 660 1363 724 deferre

159 741 326 804 ieiunium.
353 751 388 804 ut
420 743 646 824 indulgentiae
677 753 754 805 tuae
784 764 955 824 speremus
990 765 1051 807 nos
1082 747 1252 827 percipere
1283 749 1360 810 sub-

161 829 291 890 sidium.
310 828 366 893 Sic
387 849 448 892 nos
475 830 619 892 instituis
646 831 687 892 ad
705 830 924 893 caelebranda
941 832 1111 912 paschalia
1136 833 1228 895 festa.
1246 846 1282 896 ut
1305 856 1363 915 per

160 914 242 976 haec
259 916 472 997 adquiramus
488 918 610 998 gaudia
626 918 835 998 sempiterna.
851 939 909 998 per
925 920 1091 982 christum.

616 1052 678 1113 Ad
689 1052 913 1133 complendum.

205 1154 305 1236 Quod
330 1174 386 1217 ore
408 1156 611 1236 sumpsimus
633 1157 769 1219 domine
793 1166 905 1217 mente
921 1156 1100 1237 capiamus
1117 1167 1150 1219 et
1167 1158 1209 1220 de
1226 1179 1360 1221 munere

160 1242 344 1324 temporali.
361 1241 419 1305 fiat
435 1243 530 1305 nobis
548 1244 728 1305 remedium
745 1243 993 1323 sempiternum.
1010 1264 1068 1324 per
1084 1245 1265 1307 dominum.

626 1378 733 1461 Super
738 1379 901 1461 populum.

205 1480 352 1563 [Adesto
376 1503 557 1564 quesumus
580 1484 715 1546 domine
738 1485 900 1565 propitius
927 1482 1016 1565 plebi
1056 1494 1140 1546 tuae.
1165 1495 1198 1546 et
1229 1483 1284 1565 [io
1312 1487 1359 1564 56.

158 1588 246 1649 quae
263 1571 321 1632 tibi
339 1590 404 1632 non
428 1572 569 1652 placent.
595 1590 752 1651 respuens
775 1580 907 1633 tuorum
930 1571 1042 1650 potius
1064 1571 1229 1652 repleatur
1252 1573 1360 1634 delec-

158 1657 343 1719 tationibus
360 1658 603 1720 mandatorum.
620 1677 678 1739 per
689 1657 871 1720 dominum.

684 1842 805 1905 Ferus
828 1842 889 1905 Vl.

202 1963 368 2028 Cordibus
391 1964 511 2026 nostris
534 1964 669 2027 domine
691 1967 831 2046 gratiam
855 1973 946 2024 tuam
971 1963 1133 2044 benignus
1157 1963 1299 2025 infunde.
1325 1975 1360 2026 ut

157 2062 297 2132 peccata
319 2063 433 2113 nostra
455 2053 674 2133 castigatione
697 2051 884 2112 uoluntaria
910 2051 1110 2113 cohibentes,
1135 2051 1360 2132 temporaliter

158 2140 271 2218 potius
310 2158 513 2200 maceremur
549 2158 650 2220 quam
688 2137 858 2221 suppliciis
889 2137 1088 2218 deputemur
1116 2139 1264 2199 aeternis.
1302 2159 1360 2219 per

156 2225 333 2287 dominum
349 2236 508 2287 nostrum.

691 2327 829 2392 Secreta.

206 2431 342 2493 Praesta
368 2430 464 2493 nobis
494 2431 677 2494 misericors
692 2432 775 2494 deus
796 2446 832 2494 ut
849 2430 969 2511 dignae
990 2431 1056 2493 tuis
1083 2431 1205 2493 seruire
1229 2452 1360 2513 semper

159 2516 319 2579 altaribus
346 2538 541 2582 mereamur.
570 2530 604 2581 et
634 2539 748 2581 eorum
774 2529 934 2601 perpetua
959 2519 1214 2600 participatione
1230 2518 1359 2581 saluari.

158 2624 228 2686 per.

673 2707 854 2786 Praefatio.

206 2824 255 2887 (D
278 2831 411 2886 aeterne
437 2820 527 2882 deus.
578 2819 679 2884 Cuius
705 2839 765 2881 nos
790 2818 1013 2883 misericordia
1030 2821 1201 2902 praeuenit
1218 2829 1253 2881 ut
1276 2820 1360 2881 bene

158 2929 309 2990 agamus
326 2908 537 2988 subsequitur
553 2928 594 2969 ne
611 2907 730 2968 frustra
749 2926 896 2986 agamus.
943 2906 1107 2968 Accendit
1131 2909 1359 2970 intentionenr.

156 3017 228 3078 qua
251 2998 293 3059 ad
320 2997 407 3058 bona
434 3014 535 3075 opera
558 2994 747 3074 peragenda
770 2992 1023 3054 inardescamus.
1041 2995 1155 3055 tribuit
1170 2993 1360 3056 efficaciam.

153 3104 226 3164 qua
264 3084 346 3145 haec
385 3084 427 3145 ad
468 3079 650 3162 perfectum
691 3081 869 3161 perducere
900 3079 1078 3141 ualeamus.
1140 3081 1249 3142 Tuam
1281 3101 1360 3161 ergo

156 3170 373 3233 clementiam
390 3167 562 3230 indefessis
578 3166 714 3228 uocibus
727 3166 946 3228 obsecramus.
964 3178 1000 3228 ut
1016 3187 1076 3228 nos
1090 3167 1200 3229 ieiunii
1218 3167 1360 3229 uictimis

155 3278 178 3318 a
193 3258 337 3337 pcccatis
354 3256 532 3317 mundatos
553 3255 595 3315 ad
619 3252 872 3315 caelebrandam
896 3254 1057 3334 unigeniti
1081 3253 1139 3314 filii
1163 3255 1210 3315 tui
1234 3254 1361 3317 domini

154 3345 265 3407 nostri
281 3344 470 3426 passionem
485 3341 587 3404 sacias
602 3360 674 3401 esse
690 3341 838 3401 deuotos.
855 3361 914 3421 per
928 3360 1036 3420 quem.

619 3467 681 3529 Ad
690 3467 913 3547 conplendmn.

206 3573 341 3655 Sumpti
367 3571 516 3635 sacrificii
541 3572 677 3634 domine
702 3581 862 3652 perpetua
888 3591 947 3633 nos
974 3572 1071 3634 tuitio
1096 3592 1161 3634 non
1191 3572 1364 3652 relinquat.

153 3672 193 3726 et
211 3663 316 3723 noxia
330 3680 462 3741 semper
478 3659 605 3721 anobis
621 3669 740 3721 cuncta
756 3658 909 3739 depellat.
926 3679 985 3740 per
1000 3659 1173 3720 dominum
1192 3671 1351 3721 nostrum.

613 3784 721 3867 Super
726 3787 891 3867 populum.

207 3899 362 3964 Concede
378 3919 556 3982 quesumus
572 3899 785 3980 omnipotens
801 3899 883 3961 deus
906 3909 942 3961 ut
965 3900 1021 3980 qui
1045 3901 1260 3980 protectionis
1284 3910 1361 3962 tuae

155 3989 305 4072 gratiam
329 3989 519 4069 quaerimus
546 3986 672 4049 liberati
699 4006 719 4047 a
742 3986 837 4047 malis
860 3987 1013 4048 omnibus
1036 4007 1151 4048 secura
1173 3987 1232 4049 tibi
1250 4000 1361 4048 mente

154 4075 353 4139 seruiamus
369 4094 428 4156 per
442 4073 614 4136 dominum
631 4083 790 4134 nostrum.

677 4230 856 4297 Snuunro

205 4344 378 4429 [Proficiat
404 4364 585 4427 quesumus
611 4344 746 4408 domine
774 4343 868 4426 plebs
893 4344 952 4406 tibi
978 4345 1088 4407 dicata
1115 4345 1189 4426 piae
1217 4344 1272 4426 [ic.
1292 4349 1361 4426 56r:

156 4433 353 4499 deuotionis
367 4431 496 4496 aflectu.
514 4442 551 4495 ut
570 4434 669 4494 sacris
690 4432 876 4494 actionibus
895 4432 1030 4494 erudita.
1055 4443 1181 4513 quanto
1198 4434 1361 4496 maiestati

157 4532 241 4585 tuae
254 4517 292 4583 fit
307 4521 438 4601 gratior.
455 4529 550 4583 tanto
565 4518 661 4580 donis
677 4518 860 4600 potioribus
876 4531 1043 4600 augeatur.
1060 4539 1126 4601 per.

1165 4620 1189 4669 G
1215 4624 1232 4668 2
