3046 5092
152 250 185 339 n
550 276 788 327 aansorcrro
812 276 955 328 sonans,

159 425 305 509 signasti.
330 435 367 490 ut
389 426 486 490 unius
509 426 725 510 eiusdemque
746 428 902 491 elementi
927 428 1085 510 mysterio
1106 436 1140 492 et
1170 425 1245 492 finis
1268 437 1355 492 esset

161 516 249 578 uitiis
265 525 299 578 et
314 516 408 595 origo
424 515 610 580 uirtutibus.
656 515 798 598 Respice
820 515 955 577 domine
977 515 1011 578 in
1034 514 1151 578 faciem
1174 515 1355 578 aecclesiae

160 613 246 666 tuae.
270 611 304 664 et
329 602 512 682 multiplica
537 603 568 664 in
594 622 634 664 ea
658 602 921 684 regenerationes
946 611 1030 666 tuas.
1053 604 1109 684 qui
1130 603 1258 684 gratiae
1277 612 1355 665 tuae

161 688 327 752 affluentis
352 689 478 770 impetu
504 688 661 751 laetificas
691 690 862 751 ciuitatem
887 700 988 751 tuam.
1010 689 1203 771 fontemque
1228 689 1354 773 baptis-

163 778 261 838 matis
286 776 402 857 aperis.
428 786 500 838 toto
522 776 601 837 orbe
624 785 783 838 terrarum
808 775 963 856 gentibus
986 776 1192 839 innouandis.
1216 786 1254 838 ut
1277 786 1355 839 tuae

163 864 346 925 maiestatis
377 863 522 944 imperio.
553 873 664 925 sumat
698 862 860 944 unigeniti
897 863 946 925 tui
976 864 1118 945 gratiam
1156 864 1200 926 de
1236 864 1353 946 spiritu

161 961 287 1012 sancto.

206 1036 275 1099 Hic
288 1036 421 1100 diuidas
429 1056 547 1118 aquam
563 1036 598 1098 in
614 1034 744 1098 modum
758 1036 866 1098 crucis.

208 1122 275 1205 Qui
305 1124 391 1186 hanc
420 1143 541 1204 aquam
572 1123 803 1204 regenerandis
827 1123 1016 1187 hominibus
1040 1133 1280 1205 praeparatam.
1306 1141 1356 1185 ar·

164 1209 270 1273 chana
291 1211 341 1272 sui
365 1210 497 1273 luminis
523 1210 732 1272 admixtione
752 1209 915 1273 secundet.
930 1219 967 1272 ut
992 1209 1255 1273 sanctificatione
1277 1229 1355 1271 con-

164 1307 262 1379 cepta
286 1297 330 1360 ab
355 1296 556 1359 inmaculato
578 1294 709 1371 diuin0†
735 1296 836 1358 fontis
859 1305 960 1359 utero.
984 1297 1016 1359 in
1041 1316 1163 1359 nouam
1187 1295 1356 1369 renatam

165 1394 349 1447 creaturam
365 1384 539 1466 progenies
563 1382 714 1446 caelestis
738 1393 894 1464 emergat
940 1383 985 1446 Et
1011 1403 1096 1465 quos
1111 1380 1183 1465 laut
1208 1383 1266 1465 [fo.
1282 1385 1355 1463 67v.

165 1491 266 1533 sexus
283 1472 315 1533 in
332 1490 475 1552 corpore.
492 1479 549 1532 aut
565 1478 656 1531 aetas
672 1470 828 1532 discernit
851 1470 884 1531 in
908 1478 1056 1551 tempore
1070 1490 1187 1532 omnes
1203 1471 1236 1532 in
1253 1489 1355 1532 unam

165 1558 272 1640 pariat
302 1559 408 1639 gratia
432 1566 537 1620 mater
560 1556 742 1619 infantiam.
793 1556 909 1619 Procul
940 1577 1019 1639 ergo
1049 1556 1125 1619 hinc
1157 1556 1294 1619 iubente
1323 1568 1357 1619 te

165 1645 300 1707 domine
322 1644 431 1706 omnis
453 1644 586 1725 spiritus
602 1643 779 1705 inmundus
803 1643 968 1706 abscedat.
985 1643 1097 1725 procul
1114 1653 1186 1706 tota
1210 1645 1359 1725 nequitia

165 1731 349 1795 diabolicae
380 1730 503 1793 fraudis
529 1728 676 1792 absistat.
734 1729 824 1792 Nihil
853 1731 906 1794 hic
936 1730 999 1793 loci
1025 1729 1147 1793 habeat
1171 1732 1358 1792 contrariae

166 1819 297 1881 uirtutis
327 1817 499 1879 admixtio
531 1836 598 1878 non
635 1815 823 1879 insidiando
860 1816 1082 1881 circumuolet
1113 1836 1180 1880 non
1220 1815 1359 1880 latendo

165 1905 335 1987 sutripiat.
361 1924 428 1966 non
466 1902 644 1965 inficiendo
682 1913 880 1985 corrumpat.
948 1903 1000 1968 Sit
1040 1903 1123 1967 haec
1160 1914 1281 1967 sancta
1324 1914 1360 1966 et

165 1991 323 2054 innocens
360 1999 508 2053 creatura
542 1988 644 2051 libera
677 1989 721 2052 ab
757 1991 849 2052 omni
886 1991 1115 2074 inpugnatoris
1153 1991 1296 2054 incursu
1326 2001 1361 2054 et

165 2079 267 2140 totius
290 2078 457 2158 nequitiae
479 2085 621 2158 purgata
644 2075 797 2139 discessu.
843 2075 895 2142 Sit
919 2076 992 2140 fons
1012 2078 1116 2141 uiuus.
1133 2096 1221 2159 aqua
1244 2097 1362 2158 regen·

164 2184 268 2226 erans.
285 2165 375 2227 unda
391 2163 574 2245 purificans.
591 2172 628 2225 ut
650 2183 766 2225 omnes
786 2162 849 2227 hoc
865 2163 997 2227 lauacro
1019 2163 1187 2228 salutifero
1210 2163 1362 2226 diluendi

165 2261 324 2332 operante
340 2253 370 2312 in
383 2252 429 2312 cis
439 2247 723 2333 spiritus†sanct0.
733 2250 878 2333 perfecte
893 2251 1098 2334 purgationis
1114 2251 1363 2333 indulgentiam

164 2349 416 2418 consequantur.

654 2463 723 2527 Hic
742 2465 862 2545 ugnas.

211 2577 312 2640 Unde
328 2578 489 2639 benedico
505 2587 537 2639 te
553 2587 701 2639 creatura
717 2598 832 2658 aquae.
850 2598 908 2658 per
922 2578 1021 2640 deum
1039 2580 1173 2642 uiuum.¹
1187 2600 1247 2661 per
1263 2582 1366 2642 deum

167 2677 328 2727 sanctum.
354 2665 410 2746 qui
441 2674 474 2725 te
505 2665 536 2725 in
566 2666 725 2745 principio
751 2664 852 2726 uerbo
876 2667 1043 2746 separauit
1072 2665 1115 2726 ab
1141 2667 1245 2729 arida.
1271 2669 1368 2729 cuius

168 2753 301 2833 spiritus
326 2772 424 2833 super
454 2761 488 2812 te
512 2751 684 2812 ferebatur.
700 2751 756 2831 qui
785 2761 818 2812 te
844 2750 886 2811 de
910 2753 1075 2833 paradyso
1101 2773 1244 2816 manare.
1268 2765 1304 2815 et
1333 2756 1365 2815 in

168 2850 326 2921 quattuor
351 2838 541 2899 fluminibus
568 2847 674 2898 totam
698 2848 818 2899 terram
846 2838 951 2919 rigare
975 2839 1148 2919 praecepit.
1195 2838 1264 2919 Qui
1281 2851 1318 2901 te
1335 2842 1366 2901 in

169 2928 300 2987 deserto
316 2946 462 2986 amaram
480 2925 644 2986 suauitate
668 2923 773 2985 indita
790 2923 865 2986 fecit
888 2944 960 2986 esse
983 2924 1172 3006 potabilem.
1189 2935 1224 2988 et
1241 2927 1368 2988 sitienti

170 3012 295 3094 populo
311 3013 352 3073 de
369 3021 462 3091 petra
486 3012 652 3091 produxit.
700 3010 866 3072 Benedico
889 3022 922 3073 te
946 3021 979 3073 et
995 3032 1053 3093 per
1076 3013 1179 3074 iesum
1203 3013 1368 3076 christum

170 3099 273 3162 filium
296 3100 373 3159 eius.
392 3100 524 3159 unicum
552 3097 724 3159 dominum
753 3108 909 3159 nostrum.
925 3099 982 3178 qui
1005 3107 1038 3160 te
1054 3100 1086 3161 in
1103 3100 1210 3161 chana
1227 3101 1370 3181 galileae

170 3187 267 3266 signo
283 3185 468 3247 admirabili
486 3205 544 3245 sua
561 3185 711 3265 potentia
734 3186 897 3247 conuertit
913 3186 945 3245 in
963 3186 1087 3248 uinum.
1134 3184 1200 3266 Qui
1226 3190 1371 3268 pedibus

171 3294 270 3352 super
296 3284 328 3335 te
353 3271 545 3333 ambulauit.
562 3281 595 3332 et
620 3293 639 3333 a
671 3272 812 3332 iohanne
843 3273 874 3332 in
903 3272 1039 3335 iordane
1063 3274 1095 3334 in
1120 3282 1154 3335 tc
1176 3274 1371 3356 baptizatus

172 3369 229 3421 est.
277 3358 342 3439 Qui
374 3371 406 3420 te
438 3378 503 3420 una
538 3378 613 3419 cum
653 3359 813 3438 sanguine
843 3358 885 3421 de
916 3357 1016 3420 latere
1046 3380 1107 3421 suo
1138 3362 1312 3440 produxit.
1341 3374 1372 3424 et

173 3446 341 3525 discipulis
367 3447 434 3506 suis
466 3446 559 3506 iussit
585 3454 621 3506 ut
649 3447 820 3506 credentes
850 3446 1097 3525 baptizarentur
1124 3447 1155 3508 in
1184 3458 1219 3509 te
1246 3451 1371 3511 dicens.

176 3534 227 3594 Ite
252 3534 367 3593 docete
392 3552 508 3592 ornnes
533 3542 658 3611 gentes.
683 3532 905 3613 bapjtizantes
932 3552 988 3594 eos
1015 3534 1048 3594 in
1075 3533 1211 3596 nomine
1243 3531 1305 3620 [fo.
1323 3537 1374 3599 68.

174 3619 284 3701 patris
302 3630 334 3679 et
353 3618 407 3679 lilii
425 3628 457 3679 et
473 3618 607 3698 spiritus
623 3619 736 3680 sancti.

216 3704 286 3767 Hic
301 3716 407 3766 nautas
422 3726 549 3765 sensum
562 3705 658 3785 quasi
671 3705 837 3767 lectrbncm.

219 3792 314 3853 Haec
331 3793 424 3853 nobis
442 3802 617 3874 praecepta
640 3794 856 3855 seruantibus
874 3803 909 3856 tu
926 3794 1006 3857 deus
1023 3794 1237 3876 omnipotens
1254 3817 1376 3879 quesu-

175 3899 249 3941 mus
265 3879 409 3940 clemens
433 3879 556 3940 adesto
573 3889 610 3941 tu
627 3877 790 3959 benignus
805 3880 922 3961 aspira.
938 3892 974 3943 tu
999 3880 1059 3942 has
1075 3881 1246 3964 simplices
1272 3905 1377 3967 aquas

175 3978 233 4028 tuo
256 3986 313 4025 ore
336 3966 530 4027 benedicito.
547 3975 583 4026 ut
608 3975 738 4046 praeter
763 3966 946 4029 naturalem
972 3968 1249 4032 emundationem
1275 3992 1377 4054 quam

175 4053 326 4113 lauandis
356 4053 484 4132 possint
514 4052 671 4113 adhibere
701 4053 904 4133 corporibus,
927 4055 996 4117 sint
1025 4056 1126 4118 etiam
1158 4057 1379 4138 purificandis

174 4138 340 4200 mentibus
356 4139 514 4201 efficaces

217 4225 297 4286 ’Hic
302 4234 431 4305 ponunt
443 4244 543 4286 cereos
554 4223 599 4304 [et
609 4225 741 4308 insuffla
757 4226 799 4308 (P)
843 4275 849 4289 .
898 4277 904 4291 .
949 4227 978 4309 ].

206 4397 211 4423 ¹
227 4402 272 4456 prr
282 4394 354 4441 deum
366 4410 455 4441 uenam
468 4393 509 4441 left
523 4402 567 4441 out¹
578 4394 601 4441 in
616 4395 671 4445 MS.

203 4456 214 4488 ²
232 4459 323 4508 Rubric
336 4476 391 4507 now
404 4461 483 4524 partly
496 4460 611 4523 illegible.
