3046 5092
451 327 478 376 r.
509 327 560 377 m.
591 326 679 378 arou.
709 326 797 377 mir.
828 327 856 376 s,
891 327 1092 378 rasonorr.
1325 341 1372 391 κῃ

705 485 842 550 Secreta.

214 600 265 666 Sit
296 600 354 663 tibi
382 600 595 682 omnipotens
619 608 714 681 pater
739 597 802 661 hoc
826 597 1057 661 holocaustum
1086 599 1169 661 sicut
1196 599 1285 679 quod
1313 598 1373 661 tibi

168 689 288 770 optulit
304 689 360 769 qui
383 697 519 769 peccata
535 695 648 748 nostra
664 687 696 747 in
713 705 808 747 cruce
835 686 977 767 pertulit.
1003 696 1036 747 et
1063 696 1179 747 sancto
1205 685 1375 749 eustachio

169 795 244 837 cum
269 777 365 837 sociis
381 775 447 836 suis
464 774 696 835 intercedente.
722 773 764 834 ad
791 782 848 834 tua
864 782 978 834 sancta
994 773 1156 835 sumenda
1174 773 1295 854 dignos
1311 792 1371 834 nos

168 882 337 943 praepara.
354 882 412 943 per
427 860 579 922 eundem.

681 979 862 1059 Praefatio.

216 1093 264 1156 (D
282 1113 341 1174 per
356 1092 513 1155 christum
530 1092 703 1155 dominum
720 1101 878 1153 nostrum.
925 1089 1034 1171 Quem
1052 1089 1168 1153 beatus
1183 1090 1372 1153 eustachius

172 1179 365 1241 mirabiliter
375 1180 493 1242 meruit
509 1199 696 1260 agnoscere.
708 1189 741 1240 et
751 1180 901 1259 agnitum
915 1197 1018 1257 usque
1028 1179 1070 1239 ad
1087 1179 1372 1240 consumationem

170 1267 259 1328 uitae
275 1265 415 1328 fideliter
430 1266 574 1347 diligere.
613 1265 715 1328 Cuius
731 1266 800 1327 uita
814 1266 846 1326 in
858 1266 987 1345 magnis
1004 1263 1270 1327 tribulationibus
1286 1265 1373 1327 exti-

170 1355 212 1414 tit
227 1354 429 1415 examinata.
442 1354 525 1415 sicut
537 1352 749 1414 examinatur
764 1362 946 1432 argentum.
959 1353 1014 1431 qui
1028 1361 1063 1413 ut
1080 1351 1187 1413 adhuc
1204 1352 1374 1433 probatior

170 1440 363 1501 redderetur
392 1459 471 1501 auro
497 1441 586 1520 quod
613 1459 671 1520 per
698 1440 808 1518 ignem
835 1437 1000 1516 probatur.
1026 1436 1266 1500 nobilissimum
1298 1458 1372 1500 cum

171 1524 385 1588 nobilissimis
401 1527 496 1588 sociis
512 1526 666 1587 sustinuit
682 1526 885 1604 martyrium.
925 1523 1073 1604 Quorum
1088 1525 1212 1586 meritis
1225 1525 1269 1586 ibi
1280 1525 1376 1586 nobis

172 1613 280 1693 portio
298 1612 377 1674 lucis
393 1622 546 1675 aeternae
562 1612 732 1674 tribuatur.
748 1612 803 1674 ubi
829 1612 890 1692 ipsi
914 1612 985 1673 sine
1001 1610 1065 1672 fine
1081 1612 1166 1673 sicut
1182 1611 1230 1673 sol
1248 1613 1280 1672 in
1296 1631 1374 1673 con·

169 1708 286 1780 spectu
303 1710 361 1761 tuo
377 1699 557 1780 fulgebunt.
574 1720 632 1781 per
654 1719 753 1779 quem
771 1699 977 1760 maiestatem
995 1707 1096 1759 tuam.

625 1824 688 1885 Ad
698 1823 922 1904 corrzplendmn.

217 1933 311 1999 Sicut
327 1935 444 1997 beatus
459 1935 647 1998 eustachius
663 1956 737 1998 cum
749 1935 845 1997 sociis
856 1935 922 1996 suis
939 1935 1074 1997 domine
1087 1935 1119 1996 in
1132 1935 1264 1997 caelesti
1281 1936 1374 1998 clari·

173 2031 242 2085 tate
258 2042 358 2103 purus
371 2022 490 2085 rutilat.
502 2024 547 2083 sic
557 2031 672 2084 sancta
687 2042 773 2103 quae
789 2022 990 2102 sumpsimus
1006 2021 1069 2083 illis
1087 2022 1374 2085 intercedentibus.

173 2128 272 2190 puros
288 2129 349 2170 uos
365 2108 424 2170 tibi
441 2108 593 2171 efficiant.
608 2129 674 2190 per.

209 2300 257 2349 vr.
282 2287 375 2349 Inus
399 2287 492 2350 Nou.
519 2287 674 2349 Natant:
699 2285 936 2350 Saucronurr
960 2301 1026 2349 1111.
1051 2287 1353 2351 Conosaronuu.

218 2400 354 2461 Praesta
369 2417 548 2478 quesumus
563 2399 775 2480 omnipotens
792 2399 880 2460 deus
897 2408 933 2460 ut
952 2399 1007 2478 qui
1031 2397 1191 2479 gloriosos
1215 2411 1377 2478 martyres

174 2485 341 2548 claudium
352 2487 577 2548 nicostratum.
588 2484 860 2566 symphorianum
871 2487 1048 2546 castorium
1060 2495 1159 2565 atque
1169 2486 1377 2567 simplicium.

176 2571 276 2635 fortes
293 2573 326 2633 in
343 2591 401 2633 sua
412 2571 618 2633 consessione
629 2572 854 2652 cognouimus
866 2573 938 2652 pios
951 2573 1039 2653 apud
1058 2582 1090 2634 te
1107 2573 1139 2633 in
1151 2583 1263 2634 nostra
1281 2575 1378 2634 inter-

174 2660 324 2721 cessione
339 2659 528 2720 sentiamus.
544 2679 603 2739 per
618 2656 801 2720 dominum.¹

711 2773 848 2836 Secreta.

216 2871 429 2958 (Benedictio
459 2881 516 2934 tua
548 2873 683 2934 domine
713 2872 804 2952 larga
834 2871 1023 2933 descendat.
1041 2892 1126 2952 quae
1151 2882 1184 2935 et
1212 2872 1267 2954 [fo
1289 2875 1377 2937 160v.

171 2980 314 3023 munera
330 2970 442 3021 nostra
465 2958 740 3040 depraecantibus
764 2958 886 3020 sanctis
913 2958 985 3020 tuis
1003 2959 1062 3020 tibi
1091 2960 1207 3022 reddat
1232 2971 1379 3042 accepta.

164 3058 206 3111 et
234 3046 331 3108 nobis
356 3055 598 3107 sacramentum
625 3045 862 3127 redemptionis
883 3044 1012 3107 efficiat.
1028 3066 1087 3127 per
1109 3046 1281 3109 dominum
1306 3068 1379 3109 nos-

164 3141 271 3197 trum.

688 3247 869 3326 Praefatio.

218 3360 271 3423 (θ
297 3371 431 3424 aeterne
457 3365 547 3425 deus,
594 3362 829 3426 Caelcbrantes
852 3372 1041 3425 sanctorum
1065 3363 1220 3426 natalicia
1244 3384 1379 3425 corona-

155 3450 295 3509 torum.
311 3449 389 3527 quia
411 3450 490 3511 dum
515 3450 561 3512 tui
586 3450 728 3511 nominis
752 3469 888 3530 percos
911 3449 1050 3531 gloriam
1075 3450 1330 3530 frequentamus.
1348 3452 1379 3511 in

155 3543 310 3596 nostrae
337 3533 412 3596 fidei
444 3546 624 3617 augmento
654 3536 915 3597 succresscimus
939 3556 997 3617 per
1023 3536 1180 3598 christum
1207 3539 1379 3600 dominum

155 3629 335 3683 nostrum.

632 3741 694 3802 Ad
704 3741 929 3821 complendum.

217 3839 428 3905 Caelestibus
444 3843 554 3906 resecti
570 3845 785 3906 sacramentis
809 3855 842 3906 et
864 3843 994 3926 gaudiis
1017 3845 1182 3927 supplices
1197 3854 1231 3907 te
1247 3846 1381 3909 domine

153 3926 423 4077 depgaecamur.
434 3941 470 3992 ut
480 3950 619 4012 quorum
630 3931 810 4011 gloriamur
822 3930 1005 4013 triumphis
1017 3943 1230 4013 protegamur
1241 3932 1382 3994 auxiliis.

156 4027 233 4089 per
274 4035 433 4078 ominum.

242 4198 274 4248 v.
302 4185 393 4249 Inus
418 4186 511 4250 Nou.
537 4186 693 4249 Names
717 4184 859 4250 Snucrr
883 4187 1084 4251 anonom
1109 4187 1316 4253 Manernrs.

219 4297 317 4360 Deus
332 4298 388 4378 qui
405 4318 465 4360 nos
481 4296 570 4361 beati
586 4297 738 4361 theodori
762 4300 915 4380 martyris
938 4300 985 4361 tui
1009 4300 1216 4363 confessione
1239 4300 1382 4382 gloriosa

176 4382 365 4447 circumdas
380 4394 415 4447 et
428 4386 584 4466 protegis
601 4396 732 4467 praesta
747 4383 843 4447 nobis
866 4386 936 4448 eius
959 4387 1144 4450 imitatione
1167 4386 1332 4469 proficere.
1348 4398 1382 4451 et

182 4471 328 4534 oratione
344 4470 458 4534 fulciri.
474 4492 540 4554 per.
