3046 5092
480 276 595 327 aean.
625 278 680 328 111.
713 279 848 341 QUADR.
900 278 1014 328 aarum
1040 279 1078 331 rr.

687 483 867 564 Praefatio.

224 607 276 671 ff)
289 617 422 669 aeterne
432 606 522 669 deus.
564 607 609 670 Et
621 617 655 671 te
669 608 862 691 suppliciter
873 627 1018 670 exorare.
1036 615 1156 670 utcum
1167 606 1371 671 abstinentia

180 694 348 775 «rporali.
378 713 471 755 mens
501 714 633 775 qnoque
663 707 776 759 nostra
805 715 920 757 sensus
949 695 1090 758 declinet
1120 694 1269 758 inlicitos.
1324 696 1370 759 Et

180 781 278 863 quae¹
331 794 460 842 terrena
518 780 739 845 delectatione
790 780 938 845 carnales
983 782 1118 864 aepulas
1162 782 1368 863 abnegamus

178 870 344 930 humanae
358 868 539 930 uoluntatis
554 889 674 951 prauas
691 870 892 932 intentiones
907 879 1124 950 amputemus.
1142 878 1178 931 ut
1194 870 1236 932 ad
1252 879 1368 932 sancta

177 969 365 1019 =martorum
390 953 537 1017 fideliter.
563 954 803 1037 salubriterque
832 956 993 1038 capienda
1017 957 1219 1037 competenti
1247 956 1369 1019 ieiunio

176 1042 346 1105 ualemus
360 1042 475 1123 aptari.
509 1041 621 1104 Tanto
648 1042 743 1105 nobis
759 1044 838 1105 certi
855 1043 1047 1124 propensius
1064 1043 1182 1124 iugiter
1204 1043 1368 1106 adiutura.

175 1142 302 1207 quanto
325 1129 481 1190 fuerimus
505 1148 619 1192 eorum
645 1131 908 1193 institutionibus
931 1131 1098 1212 gratiores.
1125 1149 1184 1213 per
1207 1130 1366 1193 christum

173 1218 345 1280 damiuum
361 1225 519 1279 nostrum.

622 1355 654 1417 A
658 1354 685 1415 d
695 1353 920 1435 conplendum.

215 1478 351 1545 Cunctis
374 1496 434 1539 uos
457 1477 591 1540 domine
615 1478 759 1540 reatibus
782 1487 815 1540 et
839 1477 991 1559 periculis
1007 1478 1202 1560 propitiatus
1219 1476 1364 1541 absolue.

170 1587 255 1649 ques
291 1565 375 1627 tanti
415 1566 562 1646 mysterii
603 1566 720 1628 tribuis
758 1585 830 1629 esse
871 1566 1053 1648 participes,
1096 1585 1153 1647 per
1189 1565 1364 1628 dominum

170 1666 327 1718 ucsstnlm.

683 1836 803 1900 Furnn
829 1837 873 1900 11.

227 1974 391 2042 (ordibus
417 1973 536 2036 uostris
560 1994 741 2055 quesumus
765 1974 901 2038 domine
930 1973 1070 2057 gratiam
1095 1984 1186 2037 tuam
1218 1969 1277 2058 [so.
1310 1993 1362 2057 49.

168 2064 332 2145 benignus
355 2059 500 2122 infunde.
524 2071 561 2122 ut
578 2062 663 2124 sicut
680 2061 723 2123 ab
738 2063 843 2123 aescis
858 2062 1082 2143 corporalibus
1097 2060 1301 2124 abstinemus
1318 2063 1364 2124 ita

168 2170 284 2215 serrsus
321 2168 454 2230 quoque
485 2158 616 2210 nostros
646 2169 666 2211 a
697 2150 809 2210 noxiis
840 2148 1045 2211 retrahamus
1074 2147 1273 2212 excessibus
1305 2170 1364 2230 per

169 2237 339 2303 chiminum
357 2246 515 2298 nostrum.

697 2359 834 2424 Secreta.

212 2471 333 2536 hlunns
362 2470 451 2551 quod
483 2470 543 2532 tibi
574 2470 709 2534 domine
747 2481 881 2533 nostrae
918 2471 1084 2535 seruitutis
1114 2469 1291 2536 offerimus,
1325 2483 1362 2534 tu

167 2561 308 2623 srlnture
324 2558 418 2619 nobis
435 2556 554 2638 perfice
570 2569 823 2621 sacramentum.
836 2580 902 2640 per.

676 2713 856 2794 Praeferri).

210 2827 259 2891 (ll
276 2833 407 2886 aeterne
423 2823 512 2885 deus.
546 2823 591 2886 Et
602 2824 814 2888 clementiam
827 2837 917 2888 tuam
930 2846 1004 2888 cum
1018 2827 1107 2889 omni
1121 2826 1365 2908 supplicatione

167 2913 319 2999 praecari.
344 2920 379 2972 ut
403 2930 461 2990 per
484 2911 570 2972 hanc
594 2911 790 2974 ieiuniorum
808 2912 1072 2976 obseruationem
1090 2924 1213 2975 crescat
1229 2927 1365 2978 nostrae

165 2999 351 3065 denotionis
391 2996 536 3059 affectus,
580 3008 613 3059 et
655 3010 785 3062 nostras
825 3003 972 3063 actiones
1014 3002 1182 3083 religiosus
1220 3018 1366 3066 exornet

164 3090 308 3155 rtl'ectns.
355 3084 521 3166 Quatinus
549 3095 581 3145 te
608 3087 800 3149 auxiliante.
824 3098 857 3149 et
880 3088 923 3150 ab
946 3089 1098 3150 humanis
1114 3109 1244 3169 semper
1260 3101 1365 3152 retra-

166 3180 281 3241 huntur
311 3170 512 3235 excessibus.
544 3183 577 3233 et
616 3175 764 3235 munitis²
781 3175 929 3237 inherere
953 3176 1121 3237 ualeamus
1144 3184 1176 3236 te
1200 3175 1365 3258 largiente

164 3259 369 3331 caelestibus.
386 3279 444 3340 per
460 3258 618 3321 christum
635 3260 810 3322 domiuum
827 3273 985 3325 nostrum.

615 3419 646 3480 A
652 3421 678 3481 d
685 3423 911 3502 corrtplendum.

208 3537 340 3601 l'rnestn
356 3551 536 3614 quesumus
553 3533 764 3614 omnipotens
781 3546 813 3596 et
831 3535 1014 3597 misericors
1030 3535 1110 3598 deus
1134 3543 1170 3598 nt
1193 3557 1279 3617 quae
1304 3559 1364 3604 ore

158 3624 391 3704 currtingirnns.
408 3639 491 3701 pura
508 3628 618 3680 mente
634 3622 814 3701 capiamus,
831 3643 895 3703 per,

621 3782 729 3862 Super
734 3782 899 3864 populum.

202 3897 386 3966 Snlnreniut
404 3894 499 3957 nobis
515 3894 652 3956 domine
669 3895 893 3959 misericordia
910 3906 968 3957 tua
985 3906 1020 3959 ut
1037 3897 1080 3958 ab
1104 3897 1361 3967 imminentibus

157 3999 368 4079 pcccntmnm
414 3994 603 4045 nostrorum
648 3981 810 4063 periculis
856 3993 889 4045 te
931 4003 1117 4047 mereamur
1161 3997 1361 4069 protegente

158 4077 286 4146 unlnnri.
304 4094 363 4157 per
378 4072 561 4135 dominum.

201 4284 206 4316 ¹
226 4285 280 4335 'l'he
304 4280 402 4333 Leolric
420 4279 517 4338 hlissal,
532 4276 663 4334 hluratori.
678 4275 751 4337 (lrom
770 4277 856 4327 Codex
871 4276 1066 4337 Ottobonianus)
1080 4274 1253 4334 Mennrdand
1267 4278 1354 4327 Parne-

153 4358 200 4409 Ιιῃι
213 4353 245 4403 ull
259 4351 322 4400 have
334 4363 403 4412 pune.
443 4347 472 4394 ln
486 4345 527 4393 the
538 4346 563 4392 S.
579 4343 638 4393 Gall
651 4343 707 4391 MS.
723 4342 771 4405 348
783 4343 825 4392 the
837 4342 941 4406 original
954 4343 1056 4406 reading
1072 4342 1093 4391 is
1109 4359 1164 4407 que,
1178 4345 1306 4392 corrected
1324 4346 1356 4408 by

152 4443 165 4477 u
180 4424 238 4470 luter
254 4415 320 4466 lnnnl
339 4423 365 4463 to
376 4413 431 4476 qui,
446 4411 526 4459 which
535 4410 556 4458 is
568 4409 610 4459 the
622 4409 724 4474 reading
736 4409 765 4457 ol
779 4407 907 4459 Gerbert's
919 4417 978 4458 text.

198 4482 208 4517 l
222 4482 345 4545 l'rulrnbly
357 4479 394 4529 sur
406 4478 516 4527 momir's.
