3046 5092
449 343 553 395 SABB.
581 343 630 394 IN
649 344 714 394 XII.
740 343 1016 399 LECTIONIBUS..

679 581 771 646 Alia.

171 712 272 775 Deus.
288 711 344 793 qui
360 731 421 774 nos
437 710 469 773 in
486 709 587 773 tantis
610 708 763 790 periculis
779 708 977 771 constitutos
1000 728 1060 789 pro
1075 704 1239 780 humano†
1262 706 1325 768 scis

127 798 306 880 fragilitate
332 818 399 860 non
426 817 524 879 posse
554 796 739 858 subsistere.
762 796 807 858 da
836 796 932 857 nobis
970 796 1111 857 salutem
1143 794 1263 856 mentis
1291 803 1324 855 et

127 886 280 967 corporis.
304 895 341 948 ut
356 906 396 948 ea
418 904 504 966 quae
527 903 586 964 pro
608 882 753 964 peccatis
777 882 896 943 nostris
920 883 1072 962 patimur.
1089 891 1122 944 te
1144 880 1324 942 adiuuante

128 974 308 1035 uincamus.
324 993 383 1054 per
398 972 571 1034 dominum
588 979 747 1031 nostrum.

680 1102 772 1165 Alia.

173 1230 342 1292 Protector
376 1238 487 1290 noster
523 1227 632 1309 aspice
670 1228 770 1293 deus..
790 1236 827 1289 ut
854 1228 910 1308 qui
939 1226 1100 1289 malorum
1135 1215 1322 1289 nostrorum

126 1316 273 1398 pondere
310 1316 498 1397 premimur.
536 1324 691 1397 percepta
728 1315 952 1377 misericordia
987 1314 1088 1376 libera
1118 1315 1178 1377 tibi
1213 1327 1324 1392 mente

126 1403 333 1466 famulemur.
349 1422 416 1484 per.

681 1526 772 1589 Alia.

171 1651 301 1714 Adesto
317 1650 452 1715 domine
467 1670 647 1731 quesumus
670 1649 967 1731 supplicationibus
990 1650 1118 1712 nostris
1143 1659 1179 1711 ut
1202 1670 1273 1711 esse
1290 1659 1323 1711 te

126 1738 286 1819 largiente
303 1756 494 1800 mereamur.
513 1748 547 1800 et
570 1739 655 1799 inter
677 1757 834 1820 prospera
849 1737 999 1802 humiles.
1021 1747 1055 1798 et
1078 1738 1162 1798 inter
1184 1737 1324 1799 aduersa
1395 1812 1398 1817 .

126 1824 240 1888 securi.
256 1844 315 1906 per
326 1824 510 1888 dominum.

678 1947 769 2011 Alia.

171 2068 308 2131 Praeces
331 2068 445 2150 populi
469 2067 516 2130 tui
548 2088 728 2149 quesumus
768 2068 903 2130 domine
934 2066 1114 2131 clementer
1136 2067 1267 2130 exaudi.
1287 2076 1323 2129 ut

124 2159 181 2236 qui
198 2156 282 2232 iuste
297 2175 358 2237 pro
381 2155 525 2236 peccatis
549 2156 669 2216 nostris
692 2154 876 2237 affligimur.
899 2175 960 2236 pro
982 2156 1030 2218 tui
1054 2155 1196 2217 nominis
1219 2154 1323 2235 gloria

126 2242 382 2305 misericorditer
398 2240 580 2305 liberemur.
598 2262 664 2324 per.

683 2377 774 2439 Alia.

170 2487 361 2570 Quesumus
377 2489 589 2570 omnipotens
605 2488 686 2551 deus
710 2499 789 2551 uota
805 2488 979 2551 humilium
1003 2490 1135 2572 respice.
1157 2499 1259 2570 atque
1281 2490 1324 2552 ad

124 2574 352 2639 defensionem
385 2586 532 2638 nostram
562 2578 738 2638 dexteram
769 2586 845 2638 tuae
869 2577 1052 2639 maiestatis
1083 2576 1236 2640 extende.
1267 2597 1326 2657 per

123 2663 308 2726 dominum.
522 2666 525 2671 '

678 2786 770 2849 Alia.

170 2898 333 2961 Actiones
348 2909 477 2962 nostras
492 2918 672 2980 quesumus
695 2897 831 2960 domine
853 2906 887 2960 et
910 2899 1087 2980 aspirando
1110 2899 1275 2980 praeueni.
1293 2910 1326 2962 et

125 2985 318 3048 adiuuando
341 3005 546 3067 prosequere.
564 2995 599 3047 ut
623 2998 743 3047 cuncta
765 2996 879 3047 nostra
893 2988 1043 3066 operatio
1059 2997 1092 3049 et
1107 3007 1127 3048 a
1144 2996 1176 3048 te
1193 3007 1324 3068 semper

126 3073 272 3154 incipiat.
289 3081 323 3133 et
338 3092 397 3153 per
412 3082 445 3134 te
461 3082 558 3154 cepta
575 3070 714 3135 finiatur.
732 3092 790 3152 per
805 3073 987 3135 dominum.

635 3225 666 3288 Α
670 3225 697 3288 d
709 3225 850 3288 massam.

170 3335 279 3419 [Deus
303 3336 359 3419 qui
383 3337 488 3399 tribus
515 3337 625 3418 pueris
653 3338 811 3418 mitigasti
838 3337 989 3400 flammas
1014 3338 1150 3419 ignium.
1181 3337 1237 3420 [fo.
1271 3339 1323 3416 46.

122 3424 273 3487 concede
302 3425 472 3505 propitius.
504 3434 540 3486 ut
571 3444 632 3486 nos
663 3425 806 3487 lamulos
836 3434 912 3486 tuos
942 3444 1009 3486 non
1039 3435 1159 3487 exurat
1189 3425 1326 3488 flamma

123 3511 292 3573 uitiorum.
309 3530 366 3592 per
380 3511 562 3574 dominum.

658 3633 795 3698 Secreta.

173 3743 405 3807 Praesentibus
441 3745 606 3809 sacrificiis
631 3748 766 3810 domine
793 3747 914 3810 ieiunia
938 3756 1051 3810 nostra
1078 3746 1255 3810 sanctifica.
1287 3759 1324 3811 ut

123 3833 217 3914 quod
234 3831 447 3895 obseruantia
459 3844 572 3896 nostra
587 3834 761 3915 profitetur
776 3835 983 3897 extrinsecus
1004 3835 1139 3897 interius
1161 3845 1323 3915 operetur.

122 3938 193 4002 per.

636 4044 816 4123 Praefatio.

172 4157 222 4220 (f)
238 4163 372 4217 aeterne
386 4154 476 4216 deus.
506 4153 727 4218 Inluminator
742 4167 775 4219 et
791 4156 981 4239 redemptor
996 4155 1179 4220 animarum
1196 4134 1323 4220 nostra}

124 4263 200 4306 rum
216 4243 273 4325 qui
291 4261 352 4303 nos
362 4260 420 4322 per
435 4240 577 4322 primum
588 4242 688 4305 adam
699 4243 921 4306 abstinentiae
931 4244 1004 4326 lege
1020 4242 1144 4305 uiolata
1159 4244 1327 4325 paradyso

123 4332 259 4393 eiectos.
276 4327 418 4390 fortioris
435 4328 546 4390 ieiunii
561 4329 710 4391 remedio
725 4329 767 4391 ad
791 4331 927 4411 antique
943 4332 1068 4413 patriae
1084 4329 1325 4393 beatitudinem

124 4436 188 4499 per
212 4416 355 4498 gratiam
383 4415 544 4477 reuocasti
567 4434 693 4497 nosque
715 4417 771 4497 pia
794 4417 1001 4479 institutione
1025 4417 1175 4481 docuisti.
1205 4418 1326 4499 quibus

124 4501 418 4567 obseruationibus
433 4521 454 4563 a
468 4502 613 4584 peccatis
629 4503 783 4568 omnibus
799 4503 982 4568 liberemur.
999 4525 1057 4587 per
1072 4505 1238 4567 christum.
1260 4548 1275 4560 ..
1301 4522 1323 4564 a

1134 4605 1196 4652 Fa
