3046 5092
491 355 541 405 m
564 356 652 407 ΝΑΤ.
682 356 710 407 E
714 357 1046 409 UANGELISTARUM
1320 366 1369 419 233

160 506 330 589 exemplis
345 506 568 571 informemur.
584 516 621 570 ut
645 508 688 571 ad
713 507 932 573 caelebranda
955 508 1142 592 praesentia
1157 507 1242 571 festa
1258 505 1368 570 idonei

164 594 380 658 inueniamur.
395 603 429 658 et
455 595 497 657 ad
525 603 660 658 aeterna
686 595 898 678 percipienda
924 616 1038 659 eorum
1064 597 1252 658 interuentu
1275 593 1367 675 digni

164 681 355 745 iudicemur.
372 702 430 764 per
444 681 612 745 christum.

621 828 683 890 Ad
693 828 919 910 complendum.

208 937 353 1019 Sumpto
368 939 503 1002 domine
518 949 728 1002 sacramento
750 940 943 1023 suppliciter
962 939 1200 1023 depraecamur
1215 947 1252 1000 ut
1268 938 1369 1001 inter-

163 1024 359 1088 cedentibus
385 1025 492 1089 beatis
516 1026 677 1109 apostolis
701 1027 774 1089 tuis.
791 1027 880 1108 quod
908 1026 1135 1109 temporaliter
1155 1027 1307 1108 gerimus.
1324 1025 1366 1087 ad

163 1111 269 1174 uitam
286 1112 457 1194 capiamus
472 1122 651 1176 aeternam.
668 1134 733 1195 per.

351 1325 394 1388 ΙΝ
420 1326 577 1390 NATALE
601 1328 863 1391 Puumnonun
888 1326 1181 1390 Aeosrouonun.

208 1450 301 1515 Deus
325 1455 381 1534 qui
406 1475 467 1518 nos
491 1475 601 1518 annua
627 1457 854 1538 apostolomm
879 1464 1010 1518 tuorum
1043 1456 1088 1518 ill.
1119 1454 1367 1536 sollempnitate

162 1536 330 1602 laetificas.
369 1553 500 1623 praesta
544 1562 724 1624 quesumus
760 1554 797 1604 ut
834 1563 974 1624 quorum
1020 1543 1204 1623 gaudemus
1243 1541 1366 1603 meritis

162 1624 365 1689 instruamur
379 1629 552 1712 exemplis.
568 1649 627 1711 per
642 1629 823 1692 dominum.

697 1786 834 1847 Secreta.

208 1894 350 1958 Munera
365 1895 500 1959 domine
522 1916 607 1978 quae
630 1917 691 1978 pro
713 1896 939 1978 apostolorum
964 1905 1096 1958 tuorum
1118 1893 1366 1976 sollempnitate

163 1980 352 2045 deserimus.
368 1984 529 2066 propitius
545 1985 683 2065 suscipe.
699 1992 733 2046 et
749 1984 837 2046 mala
847 1984 960 2046 omnia
969 2003 1054 2064 quae
1066 2002 1230 2045 meremur
1244 1991 1366 2044 auerte.

162 2087 229 2149 per.

676 2206 858 2285 Praefatae.

209 2316 274 2395 1OE
285 2325 417 2380 aeterne
430 2317 519 2380 deus.
566 2315 631 2398 Qui
644 2318 837 2380 aecclesiam
850 2327 942 2380 tuam
956 2318 989 2379 in
1005 2317 1189 2399 apostolica
1204 2316 1260 2399 [io.
1276 2318 1366 2380 168v.

163 2403 333 2466 soliditate
348 2403 495 2467 firmasti.
511 2403 552 2466 de
564 2425 705 2485 quorum
722 2406 888 2467 consortio
903 2415 981 2467 sunt
996 2403 1085 2466 beati
1101 2404 1244 2486 apostoli
1260 2405 1307 2466 tui
1321 2404 1366 2466 ill.

162 2509 305 2571 quorum
322 2492 484 2571 passionis
509 2492 597 2553 diem
624 2491 744 2554 festum
769 2491 995 2554 caelebramus
1022 2501 1197 2572 poscentes
1221 2501 1258 2553 ut
1282 2492 1367 2553 sicut

163 2596 279 2639 eorum
295 2578 453 2639 doctrinis
469 2577 667 2640 instruimur.
685 2579 730 2640 ita
746 2578 910 2660 exemplis
933 2579 1126 2641 muniamur.
1143 2588 1176 2641 et
1193 2578 1365 2660 praecibus

163 2663 366 2726 adiuuemur.
383 2684 441 2745 per
456 2663 623 2727 christum.

617 2801 680 2864 Ad
690 2801 914 2883 conpulendum.

206 2909 397 2993 Quesumus
427 2913 562 2976 domine
592 2913 790 2976 salutaribus
815 2912 931 2995 repleti
960 2912 1134 2996 mysteriis.
1159 2921 1196 2975 ut
1223 2933 1363 2994 quorum

163 2997 361 3080 sollempnia
398 3000 632 3063 caelebramus.
672 3021 785 3063 eorum
823 3000 1028 3063 orationibus
1065 3001 1269 3063 adiuuemur.
1308 3021 1366 3082 per

163 3084 336 3148 dominum
353 3095 512 3150 nostrum.

456 3329 498 3391 Iu
524 3329 682 3392 Namare
707 3330 1071 3393 Eunncumsranun.

207 3452 402 3536 Magnificet
427 3464 460 3518 te
484 3457 619 3519 domine
646 3459 751 3520 sancti
777 3460 824 3520 tui
856 3459 900 3520 ill.
928 3458 1152 3540 euangelistae
1176 3458 1275 3521 beata
1300 3459 1363 3520 sol-

162 3539 349 3622 lempnitas.
366 3562 425 3624 per
448 3563 548 3624 quam
577 3544 622 3605 illi
649 3545 789 3626 gloriam
814 3546 1060 3627 sempiternam.
1087 3554 1121 3607 et
1144 3565 1242 3626 opem
1267 3545 1363 3608 nobis

161 3627 320 3691 ineffabili
336 3629 545 3711 prouidentia
561 3632 738 3694 contulisti.
755 3653 820 3714 per.

692 3783 829 3848 Secreta.

203 3890 335 3955 Altaria
349 3902 408 3955 tua
430 3894 566 3957 domine
588 3897 778 3958 ueneranda
800 3915 875 3957 cum
900 3894 1017 3958 hostiis
1045 3894 1151 3958 laudis
1175 3895 1363 3959 accumula-

159 3998 243 4042 mus.
275 3978 326 4042 fac
356 4000 544 4061 quesumus
576 3990 613 4044 ut
643 3991 677 4044 et
708 3982 949 4064 indulgentiam
988 3981 1084 4067 nobis
1122 3984 1298 4064 optineant
1328 3992 1363 4047 et

155 4063 315 4129 fauorem.
331 4086 398 4148 per.

671 4205 852 4286 Praefatio.

201 4290 253 4380 (θ
269 4323 405 4378 aeterne
419 4316 509 4379 deus.
524 4317 580 4397 qui
604 4317 797 4383 aecclesiam
820 4327 914 4380 tuam
935 4317 1138 4399 sempiterna
1153 4317 1279 4399 pietate
1294 4338 1361 4381 non

158 4402 313 4467 deserens
340 4421 399 4484 per
423 4403 649 4485 euangelistae
672 4409 720 4470 tui
747 4404 934 4472 doctrinam
962 4404 1082 4485 iugiter
1104 4423 1179 4467 eam
1202 4403 1313 4468 erudis
1328 4413 1363 4469 et

158 4487 313 4572 protegis
329 4496 364 4551 et
379 4488 463 4552 ideo.
