3046 5092
152 314 204 367 216
404 312 449 365 W.
475 310 565 363 NON.
594 310 673 363 0οΖ
700 310 789 362 Nan
816 310 845 361 S.
872 308 1120 361 Leontem.

691 484 831 551 Secreta.

198 591 351 675 Accepta
373 590 416 655 sit
439 590 471 654 in
490 599 672 673 conspectu
695 598 755 654 tuo
778 588 915 653 domine
938 596 1054 652 nostra
1067 586 1215 652 deuotio.
1230 594 1267 651 et
1290 586 1356 650 eius

154 677 585 849 ggbigotgalritnzutpplicatione
593 676 755 741 salutaris.
765 694 827 760 pro
837 675 930 739 cuius
944 673 1196 759 sollempnitate
1205 672 1355 739 defertur.

610 880 643 943 A
646 878 674 943 d
683 878 910 961 complendum.

200 984 342 1049 Exultet
364 984 500 1049 domine
524 983 667 1068 populus
691 992 768 1047 tuus
788 983 895 1047 sancti
919 982 1094 1045 hieronimi
1114 1000 1355 1047 commemora·

155 1071 255 1135 tione.
286 1079 320 1134 et
349 1072 442 1135 cuius
472 1073 587 1135 uotiua
616 1070 759 1135 laetatur
791 1068 909 1133 officio.
939 1068 1104 1133 releuetur
1132 1068 1271 1133 auxilio
1301 1088 1356 1150 per

154 1158 329 1221 dominum
346 1167 504 1221 nostrum.

231 1327 323 1391 Kar„
348 1327 436 1394 Ocr.
461 1329 618 1391 Names
641 1324 880 1392 Snucroaun
904 1326 1072 1390 Reman.
1096 1324 1291 1391 Genuam.

569 1414 745 1479 Uennsn.
770 1414 949 1479 Bau0u1s.

201 1525 336 1588 Exaudi
352 1525 488 1589 domine
510 1525 672 1609 populum
695 1534 791 1589 tuum
806 1535 842 1589 et
861 1533 1052 1590 sanctorum
1073 1534 1208 1588 tuorum
1232 1523 1356 1588 conses-

155 1630 267 1675 sorum
291 1612 449 1694 germani.
477 1613 613 1695 remigii.
629 1613 767 1676 uedasti.
783 1611 931 1676 bauonis.
947 1610 1147 1695 sollempnia
1171 1610 1356 1676 caelebran-

156 1707 283 1762 temet
306 1697 500 1781 temporalis
523 1700 611 1762 uitae
635 1718 695 1762 nos
717 1698 824 1762 tribue
850 1719 933 1783 pace
957 1700 1102 1781 gaudere
1124 1708 1161 1763 et
1186 1708 1355 1763 aeternum

156 1787 321 1869 repperire
336 1785 529 1851 subsidium.
546 1806 612 1869 per.

690 1904 828 1971 Secreta.

200 2008 338 2072 Praeces
365 2021 499 2073 nostras
522 2028 702 2090 quesumus
734 2009 870 2073 domine
896 2018 931 2073 et
957 2018 1090 2073 tuorum
1114 2009 1243 2091 respice
1268 2008 1355 2072 obla·

156 2094 265 2159 tiones
289 2095 445 2160 fidelium.
471 2106 508 2160 ut
530 2096 591 2160 tibi
614 2105 729 2178 gratae
752 2097 819 2159 sint
842 2097 876 2159 in
900 2105 1033 2160 tuorum
1060 2095 1244 2160 sestiuitate
1266 2116 1355 2160 sanc·

156 2191 274 2247 torum
291 2193 324 2246 et
341 2183 437 2246 nobis
453 2182 626 2247 conserant
640 2192 718 2247 tuae
733 2182 981 2267 propitiationis
996 2182 1171 2247 auxilium.
1186 2203 1256 2266 per.

669 2320 760 2385 Prae
775 2320 851 2385 atio.

201 2423 251 2488 (D
277 2432 410 2486 aeterne
425 2424 515 2487 deus.
561 2423 629 2507 Qui
654 2323 845 2488 sanetgrum
870 2433 1002 2488 tuorum
1028 2423 1178 2506 germani
1206 2422 1354 2507 lremigii.

158 2510 294 2572 uedasti.
311 2521 344 2572 et
360 2511 499 2572 badonis
515 2510 675 2573 hodierna
691 2512 866 2592 geminasti
884 2512 979 2572 nobis
995 2512 1027 2572 in
1044 2510 1173 2573 confes·
1192 2509 1249 2595 [so.
1272 2527 1353 2591 154r.

158 2599 250 2660 sione
268 2597 436 2659 laetitiam.
453 2597 508 2678 qui
526 2599 648 2679 pariter
670 2599 858 2660 sacerdotes
875 2599 1018 2679 aegregii
1035 2599 1125 2680 quod
1146 2600 1353 2679 praedicane-

159 2695 233 2747 runt
263 2705 319 2746 ore
350 2684 504 2765 operibus
536 2685 795 2766 compleuerunt.
826 2696 860 2748 et
892 2694 1112 2767 peruenerunt
1143 2686 1187 2747 ad
1221 2687 1354 2767 gloriam

157 2772 400 2853 sempiternam.
414 2793 472 2853 per
487 2771 645 2834 christum
663 2773 835 2834 dominum
852 2783 1009 2833 nostrum.

614 2909 676 2971 Ad
686 2909 913 2990 corrrplrndum.

205 3012 336 3094 Repleti
362 3024 569 3075 sacramento
593 3014 808 3095 reparationis
833 3013 998 3075 humanae
1023 3023 1155 3095 praesta
1171 3035 1355 3095 quesumus.

160 3111 197 3162 ut
213 3121 268 3181 per
286 3121 425 3180 eaquae
442 3101 537 3162 nobis
554 3121 688 3162 munere
704 3100 849 3182 dignaris
873 3100 1029 3182 praebere
1045 3101 1188 3162 caelesti.
1205 3122 1265 3183 per
1281 3103 1355 3163 haec

161 3187 277 3248 eadem
303 3188 428 3249 tribuas
456 3187 551 3249 nobis
577 3187 724 3249 inherere
748 3188 844 3249 donis
869 3187 1073 3250 caelestibus,
1098 3207 1157 3268 per
1183 3189 1353 3251 dominum

161 3283 317 3335 nostrum.

213 3441 260 3489 vr.
285 3428 380 3490 Nou.
406 3426 492 3490 Ocr.
518 3428 673 3490 Numen
699 3427 839 3491 Sauum
874 3428 1108 3490 Lsooensnu
1135 3427 1317 3492 EPISCOPI.

207 3540 344 3604 Summe
382 3541 592 3621 omnipotens
630 3541 711 3602 deus
748 3541 804 3620 qui
842 3541 945 3602 uitam
984 3539 1071 3601 beati
1111 3541 1271 3602 antistitis
1316 3540 1356 3602 tui

162 3627 339 3707 leodegarii
364 3628 517 3707 martyris
541 3648 598 3708 per
621 3628 713 3689 istius
737 3628 856 3689 saeculi
882 3647 1058 3707 erumpnas
1075 3629 1216 3689 transire
1233 3628 1356 3690 iussisti.

162 3715 254 3776 cuius
271 3734 380 3774 annua
405 3713 488 3775 scsta
504 3714 626 3775 deuota
654 3723 765 3775 mente
789 3714 1021 3776 caelebramus.
1039 3734 1219 3794 quesumus
1246 3726 1282 3777 ut
1306 3734 1358 3797 per

162 3802 232 3863 eius
258 3801 525 3862 intercessionem
554 3800 684 3881 plebem
710 3811 786 3863 tuac
812 3802 1007 3863 clementiae
1031 3800 1250 3863 famulantem
1269 3804 1312 3864 ita
1328 3803 1355 3862 in

162 3888 325 3969 praesenti
344 3887 465 3949 foueas.
483 3897 519 3949 ut
535 3889 576 3949 ad
594 3887 749 3950 caelestia
773 3909 874 3970 regna
897 3889 1064 3970 perducas
1082 3909 1140 3969 per
1155 3890 1335 3952 dominum.

714 4008 804 4071 Alia.

206 4112 298 4174 Deus
329 4111 385 4192 qui
415 4112 550 4174 beatum
582 4122 761 4193 martyrem
794 4121 887 4175 tuum
920 4111 1143 4192 leodegarium
1183 4112 1216 4174 in
1256 4132 1353 4194 agone

163 4199 317 4281 probasti.
334 4208 367 4260 ct
383 4198 559 4280 probatum
577 4199 608 4260 in
625 4199 739 4261 dolore
762 4200 943 4281 suscepisti.
958 4219 1056 4279 quern
1081 4198 1243 4261 hodierna
1258 4202 1311 4262 die
1324 4200 1351 4259 in

164 4285 360 4349 caelestibus
385 4285 515 4367 gaudiis
545 4286 689 4368 recipere
713 4286 869 4368 dignatus
894 4306 937 4347 es.
955 4295 1086 4367 praesta
1107 4286 1203 4347 nobis
1230 4285 1351 4349 famulis

163 4374 228 4436 tuis
244 4381 279 4436 ut
295 4373 350 4454 qui
366 4372 505 4453 gloriam
522 4392 588 4434 non
607 4392 777 4436 meremur.
794 4372 1035 4454 indulgentiam
1052 4383 1266 4454 peccatorum
1289 4375 1352 4455 ipso

160 4459 401 4523 intemeniente
416 4459 554 4541 adipisci
572 4479 764 4523 mereamur.
780 4481 847 4543 per.
