<?xml version="1.0" encoding="UTF-8"?>
<!DOCTYPE html PUBLIC "-//W3C//DTD XHTML 1.0 Transitional//EN"
    "http://www.w3.org/TR/xhtml1/DTD/xhtml1-transitional.dtd">
<html xmlns="http://www.w3.org/1999/xhtml" xml:lang="en" lang="en">
 <head>
  <title>
</title>
<meta http-equiv="Content-Type" content="text/html;charset=utf-8" />
  <meta name='ocr-system' content='tesseract 3.04.00' />
  <meta name='ocr-capabilities' content='ocr_page ocr_carea ocr_par ocr_line ocrx_word'/>
</head>
<body>
  <div class='ocr_page' id='page_1' title='image "./missalrobertjum01wilsgoog_0265.png"; bbox 0 0 3046 5092; ppageno 0'>
   <div class='ocr_carea' id='block_1_1' title="bbox 443 338 1360 405">
    <p class='ocr_par' dir='ltr' id='par_1_1' title="bbox 443 338 1360 405">
     <span class='ocr_line' id='line_1_1' title="bbox 443 338 1360 405; baseline 0 -14"><span class='ocrx_word' id='word_1_1' title='bbox 443 338 557 401; x_wconf 71' lang='lat' dir='ltr'>[Nou]</span> <span class='ocrx_word' id='word_1_2' title='bbox 583 340 668 392; x_wconf 81' lang='lat' dir='ltr'>AUG.</span> <span class='ocrx_word' id='word_1_3' title='bbox 697 340 785 391; x_wconf 82' lang='lat' dir='ltr'>NAT.</span> <span class='ocrx_word' id='word_1_4' title='bbox 813 340 841 390; x_wconf 87' lang='lat' dir='ltr'>S.</span> <span class='ocrx_word' id='word_1_5' title='bbox 872 339 1070 393; x_wconf 81' lang='lat' dir='ltr'><em>OSUUALDI.</em></span> <span class='ocrx_word' id='word_1_6' title='bbox 1314 350 1360 405; x_wconf 83' lang='grc'>195</span> 
     </span>
    </p>
   </div>
   <div class='ocr_carea' id='block_1_2' title="bbox 604 504 903 587">
    <p class='ocr_par' dir='ltr' id='par_1_2' title="bbox 604 504 903 587">
     <span class='ocr_line' id='line_1_2' title="bbox 604 504 903 587; baseline -0.003 -18"><span class='ocrx_word' id='word_1_7' title='bbox 604 504 668 569; x_wconf 87' lang='lat' dir='ltr'>Ad</span> <span class='ocrx_word' id='word_1_8' title='bbox 676 504 903 587; x_wconf 84' lang='lat' dir='ltr'>complendum.</span> 
     </span>
    </p>
   </div>
   <div class='ocr_carea' id='block_1_3' title="bbox 158 614 1359 873">
    <p class='ocr_par' dir='ltr' id='par_1_3' title="bbox 158 614 1359 873">
     <span class='ocr_line' id='line_1_3' title="bbox 203 614 1359 700; baseline 0.006 -24"><span class='ocrx_word' id='word_1_9' title='bbox 203 614 298 677; x_wconf 88' lang='lat' dir='ltr'>Haec</span> <span class='ocrx_word' id='word_1_10' title='bbox 314 635 375 677; x_wconf 94' lang='lat' dir='ltr'>nos</span> <span class='ocrx_word' id='word_1_11' title='bbox 391 616 582 680; x_wconf 91' lang='lat' dir='ltr'>communio</span> <span class='ocrx_word' id='word_1_12' title='bbox 597 617 732 680; x_wconf 92' lang='lat' dir='ltr'>domine</span> <span class='ocrx_word' id='word_1_13' title='bbox 755 627 873 700; x_wconf 87' lang='lat' dir='ltr'>purget</span> <span class='ocrx_word' id='word_1_14' title='bbox 889 638 909 681; x_wconf 91' lang='lat' dir='ltr'>a</span> <span class='ocrx_word' id='word_1_15' title='bbox 924 619 1068 681; x_wconf 90' lang='lat' dir='ltr'>crimine.</span> <span class='ocrx_word' id='word_1_16' title='bbox 1085 635 1119 682; x_wconf 92' lang='lat' dir='ltr'>et</span> <span class='ocrx_word' id='word_1_17' title='bbox 1133 619 1359 683; x_wconf 86' lang='lat' dir='ltr'><strong>intercedente</strong></span> 
     </span>
     <span class='ocr_line' id='line_1_4' title="bbox 158 701 1357 787; baseline 0.004 -24"><span class='ocrx_word' id='word_1_18' title='bbox 158 701 258 764; x_wconf 89' lang='lat' dir='ltr'>beato</span> <span class='ocrx_word' id='word_1_19' title='bbox 282 702 446 784; x_wconf 91' lang='lat' dir='ltr'>stephano</span> <span class='ocrx_word' id='word_1_20' title='bbox 471 713 616 785; x_wconf 85' lang='lat' dir='ltr'>martyre</span> <span class='ocrx_word' id='word_1_21' title='bbox 643 713 701 767; x_wconf 92' lang='lat' dir='ltr'>tuo</span> <span class='ocrx_word' id='word_1_22' title='bbox 726 715 826 786; x_wconf 91' lang='lat' dir='ltr'>atque</span> <span class='ocrx_word' id='word_1_23' title='bbox 851 705 1016 787; x_wconf 87' lang='lat' dir='ltr'>pontifice.</span> <span class='ocrx_word' id='word_1_24' title='bbox 1043 705 1194 769; x_wconf 85' lang='lat' dir='ltr'>caelestis</span> <span class='ocrx_word' id='word_1_25' title='bbox 1222 705 1357 769; x_wconf 84' lang='lat' dir='ltr'>remedii</span> 
     </span>
     <span class='ocr_line' id='line_1_5' title="bbox 160 787 622 873; baseline 0.006 -23"><span class='ocrx_word' id='word_1_26' title='bbox 160 787 258 851; x_wconf 86' lang='lat' dir='ltr'>saciat</span> <span class='ocrx_word' id='word_1_27' title='bbox 273 809 345 852; x_wconf 89' lang='lat' dir='ltr'>esse</span> <span class='ocrx_word' id='word_1_28' title='bbox 361 800 538 852; x_wconf 87' lang='lat' dir='ltr'>consortes.</span> <span class='ocrx_word' id='word_1_29' title='bbox 555 811 622 873; x_wconf 90' lang='lat' dir='ltr'>per.</span> 
     </span>
    </p>
   </div>
   <div class='ocr_carea' id='block_1_4' title="bbox 159 986 1356 1139">
    <p class='ocr_par' dir='ltr' id='par_1_4' title="bbox 159 986 1356 1139">
     <span class='ocr_line' id='line_1_6' title="bbox 159 986 1356 1139; baseline 0.004 -91"><span class='ocrx_word' id='word_1_30' title='bbox 159 999 209 1049; x_wconf 88' lang='lat'>111.</span> <span class='ocrx_word' id='word_1_31' title='bbox 228 986 323 1051; x_wconf 82' lang='lat' dir='ltr'>Nou.</span> <span class='ocrx_word' id='word_1_32' title='bbox 347 986 444 1053; x_wconf 80' lang='lat' dir='ltr'>Auo.</span> <span class='ocrx_word' id='word_1_33' title='bbox 469 987 887 1139; x_wconf 73' lang='lat' dir='ltr'>NATALEGSAucsouuu</span> <span class='ocrx_word' id='word_1_34' title='bbox 912 989 1107 1055; x_wconf 68' lang='lat' dir='ltr'>sinemur</span> <span class='ocrx_word' id='word_1_35' title='bbox 1133 989 1356 1054; x_wconf 80' lang='lat' dir='ltr'>Nrcuouuur</span> 
     </span>
     <span class='ocr_line' id='line_1_7' title="bbox 667 1088 878 1139; baseline 0.009 -2"><span class='ocrx_word' id='word_1_36' title='bbox 667 1088 878 1139; x_wconf 76' lang='lat' dir='ltr'>nunciums.</span> 
     </span>
    </p>
   </div>
   <div class='ocr_carea' id='block_1_5' title="bbox 157 1201 1356 1546">
    <p class='ocr_par' dir='ltr' id='par_1_5' title="bbox 157 1201 1356 1546">
     <span class='ocr_line' id='line_1_8' title="bbox 202 1201 1356 1285; baseline 0.003 -21"><span class='ocrx_word' id='word_1_37' title='bbox 202 1201 295 1265; x_wconf 90' lang='lat' dir='ltr'>Deus</span> <span class='ocrx_word' id='word_1_38' title='bbox 310 1203 366 1284; x_wconf 93' lang='lat' dir='ltr'>qui</span> <span class='ocrx_word' id='word_1_39' title='bbox 383 1223 418 1265; x_wconf 94' lang='lat' dir='ltr'>es</span> <span class='ocrx_word' id='word_1_40' title='bbox 434 1213 623 1266; x_wconf 87' lang='lat' dir='ltr'>sanctorum</span> <span class='ocrx_word' id='word_1_41' title='bbox 635 1212 768 1266; x_wconf 88' lang='lat' dir='ltr'>tuorum</span> <span class='ocrx_word' id='word_1_42' title='bbox 778 1203 935 1285; x_wconf 88' lang='lat' dir='ltr'>splendor</span> <span class='ocrx_word' id='word_1_43' title='bbox 946 1203 1112 1266; x_wconf 80' lang='lat' dir='ltr'>mirabilis,</span> <span class='ocrx_word' id='word_1_44' title='bbox 1124 1204 1180 1285; x_wconf 94' lang='lat' dir='ltr'>qui</span> <span class='ocrx_word' id='word_1_45' title='bbox 1197 1203 1356 1267; x_wconf 83' lang='lat' dir='ltr'>hodierna</span> 
     </span>
     <span class='ocr_line' id='line_1_9' title="bbox 158 1288 1356 1372; baseline 0.003 -23"><span class='ocrx_word' id='word_1_46' title='bbox 158 1288 211 1350; x_wconf 93' lang='lat' dir='ltr'>die</span> <span class='ocrx_word' id='word_1_47' title='bbox 227 1288 400 1352; x_wconf 89' lang='lat' dir='ltr'>beatorum</span> <span class='ocrx_word' id='word_1_48' title='bbox 418 1301 600 1371; x_wconf 84' lang='lat' dir='ltr'>martyrum</span> <span class='ocrx_word' id='word_1_49' title='bbox 624 1300 756 1353; x_wconf 91' lang='lat' dir='ltr'>tuorum</span> <span class='ocrx_word' id='word_1_50' title='bbox 781 1290 942 1372; x_wconf 89' lang='lat' dir='ltr'>stephani.</span> <span class='ocrx_word' id='word_1_51' title='bbox 959 1290 1147 1354; x_wconf 89' lang='lat' dir='ltr'>nichodemi</span> <span class='ocrx_word' id='word_1_52' title='bbox 1163 1290 1356 1372; x_wconf 80' lang='lat' dir='ltr'>gamalielis,</span> 
     </span>
     <span class='ocr_line' id='line_1_10' title="bbox 158 1375 1355 1457; baseline 0.003 -21"><span class='ocrx_word' id='word_1_53' title='bbox 158 1385 258 1456; x_wconf 89' lang='lat' dir='ltr'>atque</span> <span class='ocrx_word' id='word_1_54' title='bbox 293 1375 414 1439; x_wconf 91' lang='lat' dir='ltr'>abibon</span> <span class='ocrx_word' id='word_1_55' title='bbox 448 1378 673 1439; x_wconf 90' lang='lat' dir='ltr'>inuentionem</span> <span class='ocrx_word' id='word_1_56' title='bbox 707 1376 884 1457; x_wconf 88' lang='lat' dir='ltr'>gloriosam</span> <span class='ocrx_word' id='word_1_57' title='bbox 924 1377 1084 1440; x_wconf 88' lang='lat' dir='ltr'>reuelasti.</span> <span class='ocrx_word' id='word_1_58' title='bbox 1116 1377 1159 1439; x_wconf 93' lang='lat' dir='ltr'>da</span> <span class='ocrx_word' id='word_1_59' title='bbox 1196 1377 1292 1440; x_wconf 92' lang='lat' dir='ltr'>nobis</span> <span class='ocrx_word' id='word_1_60' title='bbox 1324 1379 1355 1440; x_wconf 89' lang='lat' dir='ltr'>in</span> 
     </span>
     <span class='ocr_line' id='line_1_11' title="bbox 157 1462 1053 1546; baseline 0.003 -23"><span class='ocrx_word' id='word_1_61' title='bbox 157 1471 291 1524; x_wconf 87' lang='lat' dir='ltr'>aeterna</span> <span class='ocrx_word' id='word_1_62' title='bbox 306 1462 440 1526; x_wconf 88' lang='lat' dir='ltr'>laetitia.</span> <span class='ocrx_word' id='word_1_63' title='bbox 456 1462 499 1526; x_wconf 90' lang='lat' dir='ltr'>de</span> <span class='ocrx_word' id='word_1_64' title='bbox 514 1483 628 1525; x_wconf 92' lang='lat' dir='ltr'>eorum</span> <span class='ocrx_word' id='word_1_65' title='bbox 644 1465 803 1526; x_wconf 88' lang='lat' dir='ltr'>societate</span> <span class='ocrx_word' id='word_1_66' title='bbox 819 1464 971 1544; x_wconf 90' lang='lat' dir='ltr'>gaudere.</span> <span class='ocrx_word' id='word_1_67' title='bbox 988 1484 1053 1546; x_wconf 88' lang='lat' dir='ltr'>per.</span> 
     </span>
    </p>
   </div>
   <div class='ocr_carea' id='block_1_6' title="bbox 690 1599 827 1663">
    <p class='ocr_par' dir='ltr' id='par_1_6' title="bbox 690 1599 827 1663">
     <span class='ocr_line' id='line_1_12' title="bbox 690 1599 827 1663; baseline -0.007 0"><span class='ocrx_word' id='word_1_68' title='bbox 690 1599 827 1663; x_wconf 82' lang='lat' dir='ltr'>Secreta.</span> 
     </span>
    </p>
   </div>
   <div class='ocr_carea' id='block_1_7' title="bbox 156 1710 1358 1968">
    <p class='ocr_par' dir='ltr' id='par_1_7' title="bbox 156 1710 1358 1968">
     <span class='ocr_line' id='line_1_13' title="bbox 202 1710 1358 1795; baseline 0.002 -22"><span class='ocrx_word' id='word_1_69' title='bbox 202 1711 344 1773; x_wconf 88' lang='lat' dir='ltr'>Munera</span> <span class='ocrx_word' id='word_1_70' title='bbox 358 1712 418 1775; x_wconf 93' lang='lat' dir='ltr'>tibi</span> <span class='ocrx_word' id='word_1_71' title='bbox 434 1712 570 1775; x_wconf 92' lang='lat' dir='ltr'>domine</span> <span class='ocrx_word' id='word_1_72' title='bbox 594 1721 726 1774; x_wconf 91' lang='lat' dir='ltr'>nostrae</span> <span class='ocrx_word' id='word_1_73' title='bbox 750 1713 939 1774; x_wconf 89' lang='lat' dir='ltr'>deuotionis</span> <span class='ocrx_word' id='word_1_74' title='bbox 954 1710 1131 1775; x_wconf 86' lang='lat' dir='ltr'>offerimus.</span> <span class='ocrx_word' id='word_1_75' title='bbox 1147 1732 1233 1793; x_wconf 89' lang='lat' dir='ltr'>quae</span> <span class='ocrx_word' id='word_1_76' title='bbox 1248 1724 1282 1775; x_wconf 87' lang='lat' dir='ltr'>et</span> <span class='ocrx_word' id='word_1_77' title='bbox 1298 1734 1358 1795; x_wconf 87' lang='lat' dir='ltr'>pro</span> 
     </span>
     <span class='ocr_line' id='line_1_14' title="bbox 156 1798 1358 1880; baseline 0.003 -21"><span class='ocrx_word' id='word_1_78' title='bbox 156 1806 291 1860; x_wconf 90' lang='lat' dir='ltr'>tuorum</span> <span class='ocrx_word' id='word_1_79' title='bbox 317 1798 376 1861; x_wconf 90' lang='lat' dir='ltr'>tibi</span> <span class='ocrx_word' id='word_1_80' title='bbox 403 1808 499 1880; x_wconf 89' lang='lat' dir='ltr'>grata</span> <span class='ocrx_word' id='word_1_81' title='bbox 528 1801 595 1861; x_wconf 88' lang='lat' dir='ltr'>sint</span> <span class='ocrx_word' id='word_1_82' title='bbox 625 1799 749 1861; x_wconf 89' lang='lat' dir='ltr'>honore</span> <span class='ocrx_word' id='word_1_83' title='bbox 780 1800 948 1861; x_wconf 89' lang='lat' dir='ltr'>iustorum.</span> <span class='ocrx_word' id='word_1_84' title='bbox 965 1809 998 1861; x_wconf 90' lang='lat' dir='ltr'>et</span> <span class='ocrx_word' id='word_1_85' title='bbox 1026 1799 1121 1862; x_wconf 88' lang='lat' dir='ltr'>nobis</span> <span class='ocrx_word' id='word_1_86' title='bbox 1146 1798 1301 1861; x_wconf 91' lang='lat' dir='ltr'>salutaria</span> <span class='ocrx_word' id='word_1_87' title='bbox 1325 1810 1358 1863; x_wconf 90' lang='lat' dir='ltr'>te</span> 
     </span>
     <span class='ocr_line' id='line_1_15' title="bbox 157 1884 1356 1968; baseline 0.003 -22"><span class='ocrx_word' id='word_1_88' title='bbox 157 1884 337 1947; x_wconf 87' lang='lat' dir='ltr'>miserante</span> <span class='ocrx_word' id='word_1_89' title='bbox 353 1887 555 1963; x_wconf 75' lang='lat' dir='ltr'>redldantur.</span> <span class='ocrx_word' id='word_1_90' title='bbox 573 1904 631 1968; x_wconf 86' lang='lat' dir='ltr'>per</span> <span class='ocrx_word' id='word_1_91' title='bbox 646 1885 818 1948; x_wconf 90' lang='lat' dir='ltr'>dominum</span> <span class='ocrx_word' id='word_1_92' title='bbox 835 1896 994 1948; x_wconf 89' lang='lat' dir='ltr'>nostrum.</span> <span class='ocrx_word' id='word_1_93' title='bbox 1212 1885 1267 1968; x_wconf 89' lang='lat' dir='ltr'>[s0.</span> <span class='ocrx_word' id='word_1_94' title='bbox 1289 1903 1356 1964; x_wconf 91' lang='lat'>140.</span> 
     </span>
    </p>
   </div>
   <div class='ocr_carea' id='block_1_8' title="bbox 611 2021 908 2101">
    <p class='ocr_par' dir='ltr' id='par_1_8' title="bbox 611 2021 908 2101">
     <span class='ocr_line' id='line_1_16' title="bbox 611 2021 908 2101; baseline 0 -17"><span class='ocrx_word' id='word_1_95' title='bbox 611 2021 673 2084; x_wconf 81' lang='lat' dir='ltr'>Ad</span> <span class='ocrx_word' id='word_1_96' title='bbox 683 2021 908 2101; x_wconf 64' lang='lat' dir='ltr'>corripendum.</span> 
     </span>
    </p>
   </div>
   <div class='ocr_carea' id='block_1_9' title="bbox 153 2131 1358 2476">
    <p class='ocr_par' dir='ltr' id='par_1_9' title="bbox 153 2131 1358 2476">
     <span class='ocr_line' id='line_1_17' title="bbox 202 2131 1357 2215; baseline 0 -18"><span class='ocrx_word' id='word_1_97' title='bbox 202 2131 414 2214; x_wconf 88' lang='lat' dir='ltr'>Sumpsimus</span> <span class='ocrx_word' id='word_1_98' title='bbox 440 2133 576 2196; x_wconf 90' lang='lat' dir='ltr'>domine</span> <span class='ocrx_word' id='word_1_99' title='bbox 610 2142 798 2196; x_wconf 90' lang='lat' dir='ltr'>sanctorum</span> <span class='ocrx_word' id='word_1_100' title='bbox 826 2142 958 2195; x_wconf 91' lang='lat' dir='ltr'>tuorum</span> <span class='ocrx_word' id='word_1_101' title='bbox 983 2132 1144 2215; x_wconf 91' lang='lat' dir='ltr'>stephani.</span> <span class='ocrx_word' id='word_1_102' title='bbox 1160 2132 1357 2197; x_wconf 87' lang='lat' dir='ltr'>nichodemi.</span> 
     </span>
     <span class='ocr_line' id='line_1_18' title="bbox 154 2218 1358 2301; baseline 0.002 -21"><span class='ocrx_word' id='word_1_103' title='bbox 154 2218 344 2301; x_wconf 85' lang='lat' dir='ltr'>gamalielis</span> <span class='ocrx_word' id='word_1_104' title='bbox 370 2230 470 2301; x_wconf 91' lang='lat' dir='ltr'>atque</span> <span class='ocrx_word' id='word_1_105' title='bbox 494 2219 626 2283; x_wconf 89' lang='lat' dir='ltr'>abibon.</span> <span class='ocrx_word' id='word_1_106' title='bbox 651 2220 878 2282; x_wconf 89' lang='lat' dir='ltr'>inuentionem</span> <span class='ocrx_word' id='word_1_107' title='bbox 905 2219 1130 2282; x_wconf 87' lang='lat' dir='ltr'>caelebrantes</span> <span class='ocrx_word' id='word_1_108' title='bbox 1151 2231 1358 2283; x_wconf 87' lang='lat' dir='ltr'>sacramenta</span> 
     </span>
     <span class='ocr_line' id='line_1_19' title="bbox 155 2304 1357 2392; baseline 0 -23"><span class='ocrx_word' id='word_1_109' title='bbox 155 2304 322 2369; x_wconf 87' lang='lat' dir='ltr'>caelestia.</span> <span class='ocrx_word' id='word_1_110' title='bbox 354 2317 486 2389; x_wconf 88' lang='lat' dir='ltr'>praesta</span> <span class='ocrx_word' id='word_1_111' title='bbox 522 2326 702 2388; x_wconf 91' lang='lat' dir='ltr'>quesumus</span> <span class='ocrx_word' id='word_1_112' title='bbox 740 2317 776 2368; x_wconf 93' lang='lat' dir='ltr'>ut</span> <span class='ocrx_word' id='word_1_113' title='bbox 813 2305 902 2386; x_wconf 92' lang='lat' dir='ltr'>quod</span> <span class='ocrx_word' id='word_1_114' title='bbox 932 2307 1167 2392; x_wconf 86' lang='lat' dir='ltr'>¹temporaliter</span> <span class='ocrx_word' id='word_1_115' title='bbox 1203 2308 1357 2391; x_wconf 85' lang='lat' dir='ltr'>gerimus.</span> 
     </span>
     <span class='ocr_line' id='line_1_20' title="bbox 153 2393 1150 2476; baseline 0 -20"><span class='ocrx_word' id='word_1_116' title='bbox 153 2393 302 2456; x_wconf 89' lang='lat' dir='ltr'>aeternis</span> <span class='ocrx_word' id='word_1_117' title='bbox 317 2393 447 2476; x_wconf 90' lang='lat' dir='ltr'>gaudiis</span> <span class='ocrx_word' id='word_1_118' title='bbox 463 2412 712 2475; x_wconf 90' lang='lat' dir='ltr'>consequamur.</span> <span class='ocrx_word' id='word_1_119' title='bbox 730 2413 788 2474; x_wconf 89' lang='lat' dir='ltr'>per</span> <span class='ocrx_word' id='word_1_120' title='bbox 803 2394 975 2455; x_wconf 91' lang='lat' dir='ltr'>dominum</span> <span class='ocrx_word' id='word_1_121' title='bbox 992 2402 1150 2456; x_wconf 88' lang='lat' dir='ltr'>nostrum.</span> 
     </span>
    </p>
   </div>
   <div class='ocr_carea' id='block_1_10' title="bbox 290 2599 1235 2676">
    <p class='ocr_par' dir='ltr' id='par_1_10' title="bbox 290 2599 1235 2676">
     <span class='ocr_line' id='line_1_21' title="bbox 290 2599 1235 2676; baseline 0 -12"><span class='ocrx_word' id='word_1_122' title='bbox 290 2599 399 2676; x_wconf 87' lang='lat' dir='ltr'>qus†</span> <span class='ocrx_word' id='word_1_123' title='bbox 421 2600 516 2665; x_wconf 83' lang='lat' dir='ltr'>Auo.</span> <span class='ocrx_word' id='word_1_124' title='bbox 542 2601 699 2664; x_wconf 63' lang='lat' dir='ltr'>Numen</span> <span class='ocrx_word' id='word_1_125' title='bbox 723 2601 863 2667; x_wconf 76' lang='lat' dir='ltr'>Snucm</span> <span class='ocrx_word' id='word_1_126' title='bbox 888 2601 1086 2667; x_wconf 73' lang='lat' dir='ltr'>Osuunenr</span> <span class='ocrx_word' id='word_1_127' title='bbox 1111 2602 1235 2665; x_wconf 77' lang='lat' dir='ltr'>Rums.</span> 
     </span>
    </p>
   </div>
   <div class='ocr_carea' id='block_1_11' title="bbox 122 2720 1359 3218">
    <p class='ocr_par' dir='ltr' id='par_1_11' title="bbox 122 2720 1359 3218">
     <span class='ocr_line' id='line_1_22' title="bbox 201 2720 1358 2805; baseline 0 -20"><span class='ocrx_word' id='word_1_128' title='bbox 201 2720 427 2804; x_wconf 86' lang='lat' dir='ltr'>Omnipotens</span> <span class='ocrx_word' id='word_1_129' title='bbox 454 2723 654 2805; x_wconf 88' lang='lat' dir='ltr'>sempiterne</span> <span class='ocrx_word' id='word_1_130' title='bbox 680 2723 762 2785; x_wconf 89' lang='lat' dir='ltr'>deus</span> <span class='ocrx_word' id='word_1_131' title='bbox 788 2724 844 2803; x_wconf 92' lang='lat' dir='ltr'>qui</span> <span class='ocrx_word' id='word_1_132' title='bbox 869 2722 966 2784; x_wconf 91' lang='lat' dir='ltr'>huius</span> <span class='ocrx_word' id='word_1_133' title='bbox 982 2722 1047 2785; x_wconf 93' lang='lat' dir='ltr'>diei</span> <span class='ocrx_word' id='word_1_134' title='bbox 1072 2723 1249 2785; x_wconf 86' lang='lat' dir='ltr'>iocundam</span> <span class='ocrx_word' id='word_1_135' title='bbox 1267 2723 1358 2785; x_wconf 87' lang='lat' dir='ltr'>beat-</span> 
     </span>
     <span class='ocr_line' id='line_1_23' title="bbox 154 2808 1358 2891; baseline -0.002 -19"><span class='ocrx_word' id='word_1_136' title='bbox 154 2828 280 2890; x_wconf 87' lang='lat' dir='ltr'>amque</span> <span class='ocrx_word' id='word_1_137' title='bbox 318 2808 478 2871; x_wconf 88' lang='lat' dir='ltr'>laetitiam</span> <span class='ocrx_word' id='word_1_138' title='bbox 511 2810 542 2870; x_wconf 92' lang='lat' dir='ltr'>in</span> <span class='ocrx_word' id='word_1_139' title='bbox 573 2810 678 2873; x_wconf 89' lang='lat' dir='ltr'>sancti</span> <span class='ocrx_word' id='word_1_140' title='bbox 716 2811 802 2871; x_wconf 90' lang='lat' dir='ltr'>serui</span> <span class='ocrx_word' id='word_1_141' title='bbox 840 2811 887 2872; x_wconf 89' lang='lat' dir='ltr'>tui</span> <span class='ocrx_word' id='word_1_142' title='bbox 926 2808 1077 2872; x_wconf 91' lang='lat' dir='ltr'>osuualdi</span> <span class='ocrx_word' id='word_1_143' title='bbox 1112 2809 1358 2891; x_wconf 88' lang='lat' dir='ltr'>sollempnitate</span> 
     </span>
     <span class='ocr_line' id='line_1_24' title="bbox 156 2895 1359 2977; baseline -0.002 -18"><span class='ocrx_word' id='word_1_144' title='bbox 156 2897 367 2959; x_wconf 86' lang='lat' dir='ltr'>consecrasti.</span> <span class='ocrx_word' id='word_1_145' title='bbox 392 2896 436 2958; x_wconf 89' lang='lat' dir='ltr'>da</span> <span class='ocrx_word' id='word_1_146' title='bbox 467 2895 622 2958; x_wconf 88' lang='lat' dir='ltr'>cordibus</span> <span class='ocrx_word' id='word_1_147' title='bbox 649 2897 770 2958; x_wconf 88' lang='lat' dir='ltr'>nostris</span> <span class='ocrx_word' id='word_1_148' title='bbox 804 2897 852 2959; x_wconf 93' lang='lat' dir='ltr'>tui</span> <span class='ocrx_word' id='word_1_149' title='bbox 884 2896 1012 2958; x_wconf 87' lang='lat' dir='ltr'>timoris</span> <span class='ocrx_word' id='word_1_150' title='bbox 1037 2895 1253 2977; x_wconf 88' lang='lat' dir='ltr'>karitatisque</span> <span class='ocrx_word' id='word_1_151' title='bbox 1279 2917 1359 2977; x_wconf 88' lang='lat' dir='ltr'>aug·</span> 
     </span>
     <span class='ocr_line' id='line_1_25' title="bbox 122 2980 1358 3064; baseline 0 -20"><span class='ocrx_word' id='word_1_152' title='bbox 122 2990 125 2995; x_wconf 88' lang='lat'>&#39;</span> <span class='ocrx_word' id='word_1_153' title='bbox 157 2992 319 3045; x_wconf 92' lang='lat' dir='ltr'>mentum.</span> <span class='ocrx_word' id='word_1_154' title='bbox 335 2990 373 3044; x_wconf 93' lang='lat' dir='ltr'>ut</span> <span class='ocrx_word' id='word_1_155' title='bbox 389 2983 481 3045; x_wconf 86' lang='lat' dir='ltr'>cuius</span> <span class='ocrx_word' id='word_1_156' title='bbox 497 2983 530 3044; x_wconf 94' lang='lat' dir='ltr'>in</span> <span class='ocrx_word' id='word_1_157' title='bbox 546 2983 640 3045; x_wconf 91' lang='lat' dir='ltr'>terris</span> <span class='ocrx_word' id='word_1_158' title='bbox 656 2983 762 3045; x_wconf 90' lang='lat' dir='ltr'>sancti</span> <span class='ocrx_word' id='word_1_159' title='bbox 787 2984 956 3064; x_wconf 90' lang='lat' dir='ltr'>sanguinis</span> <span class='ocrx_word' id='word_1_160' title='bbox 980 2980 1174 3045; x_wconf 86' lang='lat' dir='ltr'>effusionem</span> <span class='ocrx_word' id='word_1_161' title='bbox 1191 2983 1358 3045; x_wconf 87' lang='lat' dir='ltr'>caelebra-</span> 
     </span>
     <span class='ocr_line' id='line_1_26' title="bbox 159 3067 1359 3150; baseline -0.001 -19"><span class='ocrx_word' id='word_1_162' title='bbox 159 3088 241 3131; x_wconf 78' lang='lat' dir='ltr'>mus.</span> <span class='ocrx_word' id='word_1_163' title='bbox 258 3067 346 3130; x_wconf 90' lang='lat' dir='ltr'>illius</span> <span class='ocrx_word' id='word_1_164' title='bbox 371 3068 404 3130; x_wconf 95' lang='lat' dir='ltr'>in</span> <span class='ocrx_word' id='word_1_165' title='bbox 430 3069 523 3131; x_wconf 90' lang='lat' dir='ltr'>caelo</span> <span class='ocrx_word' id='word_1_166' title='bbox 547 3068 680 3132; x_wconf 90' lang='lat' dir='ltr'>conlata</span> <span class='ocrx_word' id='word_1_167' title='bbox 704 3070 887 3150; x_wconf 90' lang='lat' dir='ltr'>patrocinia</span> <span class='ocrx_word' id='word_1_168' title='bbox 913 3069 1080 3132; x_wconf 90' lang='lat' dir='ltr'>mentibus</span> <span class='ocrx_word' id='word_1_169' title='bbox 1095 3070 1283 3132; x_wconf 80' lang='lat' dir='ltr'>sentiamus,</span> <span class='ocrx_word' id='word_1_170' title='bbox 1301 3089 1359 3150; x_wconf 91' lang='lat' dir='ltr'>per</span> 
     </span>
     <span class='ocr_line' id='line_1_27' title="bbox 158 3156 340 3218; baseline -0.011 0"><span class='ocrx_word' id='word_1_171' title='bbox 158 3156 340 3218; x_wconf 89' lang='lat' dir='ltr'>dominum.</span> 
     </span>
    </p>
   </div>
   <div class='ocr_carea' id='block_1_12' title="bbox 688 3283 824 3348">
    <p class='ocr_par' dir='ltr' id='par_1_12' title="bbox 688 3283 824 3348">
     <span class='ocr_line' id='line_1_28' title="bbox 688 3283 824 3348; baseline -0.015 0"><span class='ocrx_word' id='word_1_172' title='bbox 688 3283 824 3348; x_wconf 80' lang='lat' dir='ltr'>Secreta.</span> 
     </span>
    </p>
   </div>
   <div class='ocr_carea' id='block_1_13' title="bbox 161 3393 1359 3631">
    <p class='ocr_par' dir='ltr' id='par_1_13' title="bbox 161 3393 1359 3631">
     <span class='ocr_line' id='line_1_29' title="bbox 202 3393 1358 3475; baseline -0.003 -16"><span class='ocrx_word' id='word_1_173' title='bbox 202 3395 300 3459; x_wconf 87' lang='lat' dir='ltr'>Haec</span> <span class='ocrx_word' id='word_1_174' title='bbox 316 3394 451 3457; x_wconf 89' lang='lat' dir='ltr'>domine</span> <span class='ocrx_word' id='word_1_175' title='bbox 477 3414 657 3475; x_wconf 90' lang='lat' dir='ltr'>quesumus</span> <span class='ocrx_word' id='word_1_176' title='bbox 683 3414 826 3457; x_wconf 89' lang='lat' dir='ltr'>munera.</span> <span class='ocrx_word' id='word_1_177' title='bbox 843 3415 928 3475; x_wconf 89' lang='lat' dir='ltr'>quae</span> <span class='ocrx_word' id='word_1_178' title='bbox 945 3395 977 3456; x_wconf 92' lang='lat' dir='ltr'>in</span> <span class='ocrx_word' id='word_1_179' title='bbox 994 3394 1083 3457; x_wconf 91' lang='lat' dir='ltr'>beati</span> <span class='ocrx_word' id='word_1_180' title='bbox 1099 3393 1251 3456; x_wconf 90' lang='lat' dir='ltr'>osuualdi</span> <span class='ocrx_word' id='word_1_181' title='bbox 1268 3413 1358 3456; x_wconf 92' lang='lat' dir='ltr'>com-</span> 
     </span>
     <span class='ocr_line' id='line_1_30' title="bbox 161 3479 1359 3562; baseline -0.001 -18"><span class='ocrx_word' id='word_1_182' title='bbox 161 3481 400 3544; x_wconf 90' lang='lat' dir='ltr'>memoratione</span> <span class='ocrx_word' id='word_1_183' title='bbox 430 3491 508 3543; x_wconf 90' lang='lat' dir='ltr'>tuae</span> <span class='ocrx_word' id='word_1_184' title='bbox 535 3482 700 3544; x_wconf 86' lang='lat' dir='ltr'>maiestati</span> <span class='ocrx_word' id='word_1_185' title='bbox 725 3479 903 3544; x_wconf 86' lang='lat' dir='ltr'>offerimus.</span> <span class='ocrx_word' id='word_1_186' title='bbox 935 3481 1098 3561; x_wconf 91' lang='lat' dir='ltr'>benignus</span> <span class='ocrx_word' id='word_1_187' title='bbox 1129 3501 1268 3543; x_wconf 89' lang='lat' dir='ltr'>assume.</span> <span class='ocrx_word' id='word_1_188' title='bbox 1300 3501 1359 3562; x_wconf 89' lang='lat' dir='ltr'>per</span> 
     </span>
     <span class='ocr_line' id='line_1_31' title="bbox 161 3568 507 3631; baseline 0.003 -2"><span class='ocrx_word' id='word_1_189' title='bbox 161 3568 332 3631; x_wconf 89' lang='lat' dir='ltr'>dominum</span> <span class='ocrx_word' id='word_1_190' title='bbox 349 3578 507 3630; x_wconf 88' lang='lat' dir='ltr'>nostrum.</span> 
     </span>
    </p>
   </div>
   <div class='ocr_carea' id='block_1_14' title="bbox 668 3758 849 3839">
    <p class='ocr_par' dir='ltr' id='par_1_14' title="bbox 668 3758 849 3839">
     <span class='ocr_line' id='line_1_32' title="bbox 668 3758 849 3839; baseline 0.006 -18"><span class='ocrx_word' id='word_1_191' title='bbox 668 3758 849 3839; x_wconf 65' lang='lat' dir='ltr'>Praefatio.</span> 
     </span>
    </p>
   </div>
   <div class='ocr_carea' id='block_1_15' title="bbox 153 3868 1358 4625">
    <p class='ocr_par' dir='ltr' id='par_1_15' title="bbox 153 3868 1358 4560">
     <span class='ocr_line' id='line_1_33' title="bbox 202 3868 1356 3953; baseline -0.003 -19"><span class='ocrx_word' id='word_1_192' title='bbox 202 3870 252 3934; x_wconf 84' lang='grc' dir='ltr'>(·Ι·)</span> <span class='ocrx_word' id='word_1_193' title='bbox 291 3879 424 3933; x_wconf 87' lang='lat' dir='ltr'>aeterne</span> <span class='ocrx_word' id='word_1_194' title='bbox 461 3869 550 3932; x_wconf 91' lang='lat' dir='ltr'>deus.</span> <span class='ocrx_word' id='word_1_195' title='bbox 607 3871 652 3934; x_wconf 90' lang='lat' dir='ltr'>Et</span> <span class='ocrx_word' id='word_1_196' title='bbox 686 3872 861 3953; x_wconf 91' lang='lat' dir='ltr'>praecipue</span> <span class='ocrx_word' id='word_1_197' title='bbox 899 3890 959 3952; x_wconf 90' lang='lat' dir='ltr'>pro</span> <span class='ocrx_word' id='word_1_198' title='bbox 998 3870 1121 3932; x_wconf 90' lang='lat' dir='ltr'>meritis</span> <span class='ocrx_word' id='word_1_199' title='bbox 1159 3868 1270 3931; x_wconf 91' lang='lat' dir='ltr'>dilecti</span> <span class='ocrx_word' id='word_1_200' title='bbox 1308 3869 1356 3931; x_wconf 93' lang='lat' dir='ltr'>tui</span> 
     </span>
     <span class='ocr_line' id='line_1_34' title="bbox 160 3954 1357 4037; baseline -0.001 -20"><span class='ocrx_word' id='word_1_201' title='bbox 160 3954 319 4018; x_wconf 88' lang='lat' dir='ltr'>osuualdi.</span> <span class='ocrx_word' id='word_1_202' title='bbox 336 3955 396 4018; x_wconf 91' lang='lat' dir='ltr'>tibi</span> <span class='ocrx_word' id='word_1_203' title='bbox 424 3955 614 4019; x_wconf 86' lang='lat' dir='ltr'>confitendo</span> <span class='ocrx_word' id='word_1_204' title='bbox 641 3957 813 4020; x_wconf 87' lang='lat' dir='ltr'>immolare</span> <span class='ocrx_word' id='word_1_205' title='bbox 840 3956 947 4020; x_wconf 91' lang='lat' dir='ltr'>laudis</span> <span class='ocrx_word' id='word_1_206' title='bbox 971 3955 1114 4018; x_wconf 91' lang='lat' dir='ltr'>hostiam</span> <span class='ocrx_word' id='word_1_207' title='bbox 1130 3955 1186 4036; x_wconf 94' lang='lat' dir='ltr'>qui</span> <span class='ocrx_word' id='word_1_208' title='bbox 1202 3956 1357 4037; x_wconf 88' lang='lat' dir='ltr'>semetip-</span> 
     </span>
     <span class='ocr_line' id='line_1_35' title="bbox 159 4039 1358 4124; baseline 0 -21"><span class='ocrx_word' id='word_1_209' title='bbox 159 4062 232 4104; x_wconf 92' lang='lat' dir='ltr'>sum</span> <span class='ocrx_word' id='word_1_210' title='bbox 249 4041 310 4105; x_wconf 90' lang='lat' dir='ltr'>tibi</span> <span class='ocrx_word' id='word_1_211' title='bbox 327 4040 404 4105; x_wconf 86' lang='lat' dir='ltr'>iecit</span> <span class='ocrx_word' id='word_1_212' title='bbox 428 4042 571 4106; x_wconf 88' lang='lat' dir='ltr'>hostiam</span> <span class='ocrx_word' id='word_1_213' title='bbox 597 4043 717 4106; x_wconf 91' lang='lat' dir='ltr'>uiuam.</span> <span class='ocrx_word' id='word_1_214' title='bbox 744 4045 795 4106; x_wconf 91' lang='lat' dir='ltr'>cui</span> <span class='ocrx_word' id='word_1_215' title='bbox 820 4063 896 4107; x_wconf 91' lang='lat' dir='ltr'>curn</span> <span class='ocrx_word' id='word_1_216' title='bbox 922 4042 1062 4105; x_wconf 90' lang='lat' dir='ltr'>carnalis</span> <span class='ocrx_word' id='word_1_217' title='bbox 1084 4039 1358 4124; x_wconf 74' lang='lat' dir='ltr'>generositatemi</span> 
     </span>
     <span class='ocr_line' id='line_1_36' title="bbox 159 4128 1357 4210; baseline -0.001 -19"><span class='ocrx_word' id='word_1_218' title='bbox 159 4129 305 4210; x_wconf 83' lang='lat' dir='ltr'>parentis</span> <span class='ocrx_word' id='word_1_219' title='bbox 334 4148 477 4192; x_wconf 87' lang='lat' dir='ltr'>coronae</span> <span class='ocrx_word' id='word_1_220' title='bbox 507 4130 765 4210; x_wconf 90' lang='lat' dir='ltr'>adiungerentur</span> <span class='ocrx_word' id='word_1_221' title='bbox 801 4139 996 4192; x_wconf 90' lang='lat' dir='ltr'>ornamenta</span> <span class='ocrx_word' id='word_1_222' title='bbox 1034 4128 1162 4210; x_wconf 89' lang='lat' dir='ltr'>regalis.</span> <span class='ocrx_word' id='word_1_223' title='bbox 1199 4128 1357 4209; x_wconf 87' lang='lat' dir='ltr'>spiritalis</span> 
     </span>
     <span class='ocr_line' id='line_1_37' title="bbox 159 4214 1357 4297; baseline -0.003 -18"><span class='ocrx_word' id='word_1_224' title='bbox 159 4224 270 4279; x_wconf 84' lang='lat' dir='ltr'>tamen</span> <span class='ocrx_word' id='word_1_225' title='bbox 287 4214 442 4278; x_wconf 89' lang='lat' dir='ltr'>adtactus</span> <span class='ocrx_word' id='word_1_226' title='bbox 458 4216 625 4279; x_wconf 90' lang='lat' dir='ltr'>incentiuo</span> <span class='ocrx_word' id='word_1_227' title='bbox 634 4217 757 4280; x_wconf 91' lang='lat' dir='ltr'>uiroris.</span> <span class='ocrx_word' id='word_1_228' title='bbox 771 4216 908 4279; x_wconf 91' lang='lat' dir='ltr'>domum</span> <span class='ocrx_word' id='word_1_229' title='bbox 921 4235 1015 4278; x_wconf 89' lang='lat' dir='ltr'>suam</span> <span class='ocrx_word' id='word_1_230' title='bbox 1032 4235 1131 4297; x_wconf 90' lang='lat' dir='ltr'>super</span> <span class='ocrx_word' id='word_1_231' title='bbox 1145 4214 1357 4295; x_wconf 87' lang='lat' dir='ltr'>euangelicae</span> 
     </span>
     <span class='ocr_line' id='line_1_38' title="bbox 156 4300 1357 4385; baseline -0.001 -20"><span class='ocrx_word' id='word_1_232' title='bbox 156 4312 271 4385; x_wconf 84' lang='lat' dir='ltr'>petrae</span> <span class='ocrx_word' id='word_1_233' title='bbox 295 4302 515 4365; x_wconf 80' lang='lat' dir='ltr'>fundamenta</span> <span class='ocrx_word' id='word_1_234' title='bbox 543 4303 723 4367; x_wconf 91' lang='lat' dir='ltr'>constituit.</span> <span class='ocrx_word' id='word_1_235' title='bbox 753 4323 910 4367; x_wconf 89' lang='lat' dir='ltr'>coronam</span> <span class='ocrx_word' id='word_1_236' title='bbox 948 4300 1051 4384; x_wconf 75' lang='lat' dir='ltr'>quael</span> <span class='ocrx_word' id='word_1_237' title='bbox 1072 4302 1115 4366; x_wconf 90' lang='lat' dir='ltr'>de</span> <span class='ocrx_word' id='word_1_238' title='bbox 1144 4300 1255 4383; x_wconf 91' lang='lat' dir='ltr'>lapide</span> <span class='ocrx_word' id='word_1_239' title='bbox 1285 4301 1357 4364; x_wconf 93' lang='lat' dir='ltr'>sine</span> 
     </span>
     <span class='ocr_line' id='line_1_39' title="bbox 156 4387 1357 4474; baseline -0.004 -21"><span class='ocrx_word' id='word_1_240' title='bbox 156 4387 312 4453; x_wconf 84' lang='lat' dir='ltr'>manibus</span> <span class='ocrx_word' id='word_1_241' title='bbox 342 4389 458 4452; x_wconf 89' lang='lat' dir='ltr'>exciso</span> <span class='ocrx_word' id='word_1_242' title='bbox 493 4390 536 4452; x_wconf 88' lang='lat' dir='ltr'>de</span> <span class='ocrx_word' id='word_1_243' title='bbox 574 4398 695 4453; x_wconf 89' lang='lat' dir='ltr'>monte.</span> <span class='ocrx_word' id='word_1_244' title='bbox 725 4389 826 4474; x_wconf 91' lang='lat' dir='ltr'>capiti</span> <span class='ocrx_word' id='word_1_245' title='bbox 856 4410 918 4453; x_wconf 91' lang='lat' dir='ltr'>suo</span> <span class='ocrx_word' id='word_1_246' title='bbox 946 4388 1031 4452; x_wconf 83' lang='lat' dir='ltr'>bene</span> <span class='ocrx_word' id='word_1_247' title='bbox 1067 4389 1213 4451; x_wconf 90' lang='lat' dir='ltr'>uiuendo</span> <span class='ocrx_word' id='word_1_248' title='bbox 1243 4387 1357 4471; x_wconf 91' lang='lat' dir='ltr'>inponi</span> 
     </span>
     <span class='ocr_line' id='line_1_40' title="bbox 153 4472 1357 4560; baseline -0.002 -21"><span class='ocrx_word' id='word_1_249' title='bbox 153 4476 295 4559; x_wconf 80' lang='lat' dir='ltr'>optauit</span> <span class='ocrx_word' id='word_1_250' title='bbox 353 4474 552 4539; x_wconf 88' lang='lat' dir='ltr'>Praecamur</span> <span class='ocrx_word' id='word_1_251' title='bbox 577 4495 656 4560; x_wconf 88' lang='lat' dir='ltr'>ergo</span> <span class='ocrx_word' id='word_1_252' title='bbox 679 4475 889 4542; x_wconf 88' lang='lat' dir='ltr'>clementiam</span> <span class='ocrx_word' id='word_1_253' title='bbox 916 4485 1018 4541; x_wconf 89' lang='lat' dir='ltr'>tuam.</span> <span class='ocrx_word' id='word_1_254' title='bbox 1034 4484 1072 4539; x_wconf 89' lang='lat' dir='ltr'>ut</span> <span class='ocrx_word' id='word_1_255' title='bbox 1087 4495 1145 4557; x_wconf 93' lang='lat' dir='ltr'>per</span> <span class='ocrx_word' id='word_1_256' title='bbox 1167 4472 1249 4537; x_wconf 87' lang='lat' dir='ltr'>haec</span> <span class='ocrx_word' id='word_1_257' title='bbox 1264 4494 1357 4538; x_wconf 88' lang='lat' dir='ltr'>sacra</span> 
     </span>
    </p>

    <p class='ocr_par' dir='ltr' id='par_1_16' title="bbox 1152 4572 1227 4625">
     <span class='ocr_line' id='line_1_41' title="bbox 1152 4572 1227 4625; baseline -0.027 0"><span class='ocrx_word' id='word_1_258' title='bbox 1152 4572 1177 4625; x_wconf 92' lang='lat'><em>0</em></span> <span class='ocrx_word' id='word_1_259' title='bbox 1207 4576 1227 4623; x_wconf 88' lang='lat'>2</span> 
     </span>
    </p>
   </div>
   <div class='ocr_carea' id='block_1_16' title="bbox 0 0 1529 5092">
    <p class='ocr_par' dir='ltr' id='par_1_17' title="bbox 0 0 1529 5092">
     <span class='ocr_line' id='line_1_42' title="bbox 0 0 1529 5092; baseline 0 0"><span class='ocrx_word' id='word_1_260' title='bbox 0 0 1529 5092; x_wconf 95' lang='lat' dir='ltr'> </span> 
     </span>
    </p>
   </div>
  </div>
 </body>
</html>
