3046 5092
192 285 208 335 ο
565 284 723 334 naeres
747 286 774 332 s,
804 248 1016 332 rosnarum
1068 260 1071 265 ’

193 439 341 519 martyrii
373 457 494 500 corona
521 439 677 499 decorare
700 435 843 499 uoluisti.
868 446 904 498 ut
928 434 1211 515 quemadmodum
1236 435 1393 497 deuotam

192 526 338 607 ipsorum
364 525 526 606 passionis
550 525 679 605 agimus
704 523 911 585 memoriam.
929 541 1043 584 eorum
1068 521 1223 585 sublimia
1247 520 1336 603 apud
1361 529 1400 582 te

188 613 370 674 sentiamus
386 612 575 693 patrocinia.
592 630 657 691 per.

727 716 863 778 Secreta.

236 827 330 889 Haec
346 827 455 890 hostia
470 827 623 889 salutaris
635 846 815 908 quesumus
831 826 966 889 domine
981 846 1081 907 quam
1106 826 1139 888 in
1162 825 1268 892 sancti
1284 824 1396 887 albani

191 915 344 995 martyris
371 915 418 976 tui
435 915 666 994 sociorumque
681 915 752 975 eius
768 933 1017 995 compassorum
1035 913 1226 975 ueneranda
1250 931 1399 975 comme·

191 1002 375 1063 moratione
413 1011 490 1062 tuae
526 1002 689 1063 maiestati
728 1000 921 1082 suppliciter
957 999 1134 1064 offerimus.
1165 1011 1198 1063 et
1236 999 1396 1081 ligamina

191 1096 323 1150 nostrae
339 1088 511 1168 prauitatis
527 1087 681 1149 absoluat
697 1098 730 1150 et
747 1098 823 1150 tuae
840 1088 936 1149 nobis
952 1086 1195 1149 misericordiae
1214 1085 1397 1148 karismata

189 1174 320 1237 tribuat.
337 1194 403 1255 per.

700 1261 880 1340 Praesczttb.

235 1373 284 1436 (D
301 1381 435 1434 aeterne
447 1372 537 1434 deus.
569 1371 672 1454 Apud
689 1392 789 1454 quem
806 1392 938 1455 semper
952 1383 1002 1435 est
1015 1382 1215 1455 praesens'et
1227 1370 1397 1453 praeclara

189 1469 380 1521 sanctorum
405 1459 555 1520 omnium
582 1460 660 1521 uita.
684 1479 825 1540 quorum
853 1479 913 1521 nos
939 1479 1027 1521 mors
1054 1460 1226 1540 praetiosa
1249 1468 1284 1519 et
1307 1457 1397 1519 alme

190 1545 407 1608 beatitudinis
423 1545 522 1606 ianua
537 1544 702 1607 laetificat.
715 1555 749 1608 et
764 1566 784 1607 a
795 1548 923 1609 cunctis
939 1545 1195 1608 aduersitatibus
1210 1542 1401 1617 defendatl‘

190 1642 393 1713 quapropter
409 1631 584 1694 laudabilis
607 1652 642 1693 es
658 1633 691 1693 in
708 1641 841 1694 tuorum
865 1633 1182 1696 commemoratione
1204 1640 1394 1693 sanctorum

190 1730 223 1782 et
239 1720 272 1781 in
290 1739 410 1800 magne
427 1716 503 1781 fidei
520 1716 650 1781 affectu.
666 1727 700 1780 et
716 1720 749 1780 in
766 1719 954 1782 tollerantia
966 1720 1166 1801 passionum.
1177 1739 1243 1800 qua
1258 1718 1395 1780 beatum

189 1804 347 1869 albanum
378 1805 553 1886 sociosque
582 1806 653 1867 eius
684 1825 783 1867 omne
810 1807 937 1888 antiqui
968 1807 1073 1869 hostis
1103 1825 1259 1886 superare
1289 1804 1395 1867 fecisti

190 1892 505 1955 machinamentum.
522 1912 589 1973 quo
616 1892 658 1954 ad
684 1893 881 1974 capiendam
905 1893 1031 1975 egregii
1058 1891 1223 1976 [martyrii
1247 1889 1302 1973 [s0.
1321 1909 1349 1971 3.
1365 1913 1400 1953 v„

190 1979 432 2042 beatitudinem
448 1998 524 2040 curn
542 1980 693 2060 supernis
709 1980 837 2041 ciuibus
860 1979 959 2041 nullis
984 1979 1135 2061 impediti
1158 1975 1341 2051 retiaculis†
1363 1987 1401 2040 te

189 2065 392 2146 suffragante
408 2066 580 2148 peruenire
595 2074 783 2147 potuerunt.
799 2075 833 2129 et
849 2066 932 2128 ideo.

643 2190 705 2252 Ad
715 2189 940 2271 complendum.

235 2301 425 2385 Quesumus
441 2301 654 2383 omnipotens
670 2311 704 2364 et
720 2303 903 2365 misericors
914 2302 996 2365 deus
1012 2312 1049 2364 ut
1064 2322 1148 2382 quos
1159 2302 1192 2363 in
1205 2311 1396 2364 sanctorum

191 2402 323 2453 tuorum
339 2390 530 2452 ueneranda
547 2390 708 2451 memoria
724 2391 766 2451 dc
782 2391 848 2452 tuis
864 2390 965 2451 sacris
982 2389 1079 2451 donis
1095 2389 1224 2451 satiasti
1240 2409 1300 2470 per
1314 2388 1398 2451 haec

190 2477 433 2558 indulgentiam
458 2496 518 2538 nos
549 2485 627 2538 tuae
657 2477 901 2557 propitiationis
932 2476 1090 2558 consequi
1121 2495 1314 2538 mereamur.
1338 2495 1402 2558 per

190 2565 371 2628 dominum.

355 2739 429 2788 xvr.
454 2725 545 2787 KAL.
572 2724 666 2788 Auo.
692 2726 848 2788 NATALE
874 2725 1016 2790 Snncrr
1041 2725 1257 2788 Kouueuur.

237 2853 461 2936 Omnipotens
471 2864 505 2916 et
521 2854 704 2915 misericors
721 2854 802 2916 deus
818 2855 874 2934 qui
891 2853 985 2915 nobis
998 2854 1201 2936 praeclaram
1218 2854 1316 2916 huius
1332 2854 1399 2917 diei

193 2942 353 3005 laetitiam
372 2961 432 3022 pro
448 2941 536 3002 beati
554 2939 718 3002 koenelmi
736 2941 889 3022 martyris
906 2942 953 3003 tui
977 2941 1223 3023 sollempnitate
1246 2942 1399 3003 tribuisti.

191 3028 328 3091 intende
350 3048 484 3089 serenus
512 3038 591 3089 uota
622 3027 726 3089 fidelis
751 3028 865 3110 populi
891 3037 924 3090 et
949 3028 1093 3090 concede
1118 3037 1155 3091 ut
1180 3029 1272 3089 cuius
1299 3028 1400 3091 hodie

193 3115 278 3178 festa
301 3114 506 3196 percolimus,
531 3115 600 3176 eius
623 3134 754 3195 semper
778 3115 902 3178 meritis
926 3124 959 3178 et
982 3115 1155 3197 praecibus
1178 3115 1404 3180 subleuemur.

191 3222 257 3285 per,

707 3300 876 3386 [Secreta]

239 3407 471 3469 Praesentibus
499 3407 634 3468 domine
658 3426 839 3488 quesumus
870 3407 1005 3471 intende
1036 3408 1236 3471 muneribus.
1262 3418 1296 3471 et
1326 3419 1402 3488 pat-

194 3495 365 3557 rocinante
409 3494 509 3555 beato
554 3494 730 3555 koenelmo
772 3505 916 3575 martyre
961 3504 1019 3556 tuo
1064 3496 1156 3557 cuius
1201 3495 1405 3576 sollempnia

195 3583 385 3643 uenerando
409 3600 627 3642 recensemus.
650 3579 805 3642 fidelibus
828 3581 945 3642 salutis
961 3581 1202 3663 indulgentiam
1218 3582 1404 3645 conserant.

197 3679 230 3729 et
247 3669 451 3729 aeternitatis
468 3669 615 3749 praemia
631 3668 808 3748 dignanter
824 3669 1008 3749 adquirant.
1026 3689 1084 3748 per
1099 3670 1282 3731 dominum.

706 3788 886 3866 Praefatio.

241 3890 289 3953 G)
307 3900 439 3952 aeterne
455 3893 545 3954 deus.
593 3890 658 3972 Qui
676 3901 865 3952 sanctorum
884 3901 1015 3953 tuorum
1032 3893 1217 3973 patrocinia
1229 3904 1340 3957 tecum
1355 3898 1406 3960 ita

196 3977 227 4038 in
253 3987 387 4038 aeterna
411 3977 569 4040 claritatis
594 3989 671 4039 tuae
695 3977 800 4058 gloria
828 3980 1040 4059 praeparasti.
1057 3988 1094 4040 ut
1120 3981 1152 4040 in
1179 3982 1226 4042 eis
1250 3983 1405 4047 existens

198 4063 354 4125 mirabilis
380 4063 531 4125 diffusius
558 4064 634 4126 huic
660 4064 785 4126 mundo
812 4064 922 4126 lumen
951 4075 1027 4127 tuae
1058 4069 1216 4129 ostendas
1241 4071 1403 4135 ueritatis

198 4151 254 4211 Ex
299 4169 439 4230 quorum
485 4152 625 4231 collegio
671 4152 881 4213 beatissimus
934 4153 1028 4213 testis
1073 4161 1149 4215 tuus
1204 4155 1406 4221 koenelmus

197 4237 230 4297 in
261 4236 418 4312 aecclesie
448 4238 630 4300 stabilitate
660 4237 809 4319 ago[ne]¹
842 4239 989 4319 martyrii
1023 4239 1199 4303 decoratus
1230 4242 1407 4323 perfloruit

196 4323 399 4403 demumque
430 4323 638 4386 innocentiae
668 4326 853 4405 proemium
885 4336 1030 4406 captans.
1057 4327 1223 4390 laureatus
1248 4331 1408 4395 caelestis

619 4471 624 4497 ¹
644 4468 753 4530 Syllable
765 4468 870 4518 omitted
882 4469 907 4517 in
921 4469 977 4520 MS.
