3046 5092
214 338 249 388 x.
275 338 359 388 aaz.
385 338 466 389 Fas.
491 338 577 388 nur.
603 339 649 388 ss.
675 335 989 387 ausnsurmuau
1008 335 1066 385 ar
1082 334 1283 385 macnarii.
1322 343 1368 397 155

168 490 358 574 despiciens
369 491 546 555 caelestem
560 489 680 554 meruit
691 490 899 573 dignitatem.
923 487 1276 553 Societatishumanae
1287 495 1368 549 uota

168 588 414 660 contempnens
429 577 553 641 aeterni
575 577 660 659 regis
681 587 732 640 est
755 576 882 640 sociata
904 575 1079 639 consortio.
1126 575 1171 639 Et
1187 573 1366 656 pretiosam

169 674 313 729 mortem
340 685 442 727 sexus
466 664 644 746 fragilitate
668 664 795 727 calcata
816 684 876 744 pro
900 661 1012 725 christi
1039 661 1244 726 consessione
1266 660 1368 722 susci·

167 752 276 835 piens.
291 751 389 813 simul
406 761 456 816 est
472 750 559 814 iacta
575 750 764 814 conformis.
779 760 813 813 et
828 749 1099 831 sempiternitatis
1109 748 1179 811 eius
1191 758 1224 810 et
1234 747 1367 829 gloriae.

168 858 233 922 per
247 858 357 919 quem.

609 973 672 1037 Ad
688 973 915 1055 cornplendum.

216 1084 346 1148 Refecti
384 1085 472 1166 cybo
509 1095 659 1167 potuque
693 1084 826 1148 caelesti
863 1085 946 1147 deus
983 1091 1095 1146 noster
1131 1093 1164 1146 te
1202 1081 1370 1163 supplices

166 1190 359 1235 exoramus.
376 1183 413 1235 ut
438 1173 470 1234 in
495 1173 588 1234 cuius
609 1172 691 1235 haec
715 1171 1032 1235 commemoratione
1059 1169 1273 1253 percepimus,
1299 1168 1370 1230 eius

167 1259 362 1322 muniamur
377 1269 410 1321 et
427 1259 610 1340 praecibus.
626 1279 685 1341 per
699 1259 873 1322 dominum
890 1267 1050 1321 nostrum.

213 1473 263 1523 xa
288 1461 380 1524 Kar..
398 1460 506 1523 Fusa.
525 1459 682 1523 Names
707 1460 848 1525 Snucm
874 1458 1083 1524 Urucsurn
1108 1460 1313 1522 Maurius.

214 1583 347 1647 Adesto
371 1605 552 1666 quesumus
573 1584 709 1647 domine
733 1584 1030 1668 supplicationibus
1053 1585 1173 1648 nostris
1189 1593 1226 1647 ut
1244 1583 1300 1665 qui
1324 1602 1368 1644 ex

165 1670 348 1753 iniquitate
384 1682 495 1735 nostra
526 1692 599 1733 reos
627 1691 687 1733 nos
718 1692 790 1734 esse
821 1671 1061 1753 cognoscimus.
1091 1672 1179 1735 beati
1211 1669 1375 1733 uincentii·

165 1756 341 1840 [martyris
357 1759 404 1821 tui
422 1758 655 1821 intercessione
673 1757 857 1821 liberemur.
874 1780 940 1839 per.
1223 1756 1279 1840 [so.
1301 1772 1367 1818 111.

705 1910 840 1974 Secreta.

214 2021 412 2085 Muneribus
429 2023 549 2085 nostris
572 2042 753 2104 quesumus
777 2023 911 2085 domine
935 2021 1174 2105 praecibusque
1198 2020 1368 2102 susceptis.

163 2118 202 2173 et
217 2109 417 2172 caelestibus
433 2128 495 2171 nos
511 2111 637 2172 munda
653 2109 828 2191 mysteriis.
845 2119 878 2172 et
895 2109 1074 2172 clementer
1088 2108 1221 2172 exaudi.
1237 2126 1303 2189 per.

690 2245 870 2324 Praefatio.

213 2356 265 2420 (Β
303 2376 362 2438 per
391 2355 550 2419 christum
581 2356 754 2419 dominum
786 2366 943 2419 nostrum.
1006 2359 1069 2420 Pro
1105 2356 1198 2419 cuius
1236 2356 1371 2419 nomine

166 2440 335 2527 gloriosus
360 2442 461 2505 leuita
484 2443 677 2505 uincentius
704 2452 738 2505 et
764 2442 856 2505 miles
882 2444 1024 2506 inuictus
1049 2444 1167 2524 rapidi1
1193 2442 1298 2505 hostis
1321 2443 1369 2504 in-

166 2529 300 2593 saniam
317 2526 481 2592 interitus²
497 2529 579 2592 adiit
596 2531 766 2593 modestus
778 2530 942 2593 sustinuit.
959 2550 1093 2593 securus
1108 2529 1214 2592 irrisit.
1254 2528 1371 2593 Sciens

231 2625 308 2678 atus
332 2636 403 2678 esse
430 2626 467 2679 ut
492 2617 655 2679 resisteret
682 2617 829 2679 nesciens
860 2617 967 2680 elatus
991 2636 1063 2679 esse
1092 2617 1182 2698 quod
1214 2616 1368 2679 uinceret.

188 2722 212 2765 n
228 2712 371 2784 utroque
387 2703 513 2765 domini
530 2723 569 2765 ac
585 2703 734 2784 magistri
753 2704 803 2765 sui
820 2704 960 2786 uestigia
975 2723 1124 2785 sequens.
1141 2703 1197 2784 qui
1214 2714 1247 2765 et
1262 2702 1370 2764 humi-

167 2788 275 2853 litatis
299 2789 538 2852 custodiendae
564 2798 598 2853 et
623 2790 665 2851 de
689 2789 841 2853 hostibus
867 2790 1092 2872 triumphandi
1116 2791 1184 2853 suis
1200 2788 1372 2870 sequenda

167 2876 330 2958 exempla
346 2876 551 2938 monstrauit.
600 2876 660 2938 Per
676 2896 775 2958 quem
793 2876 1001 2940 maiestatem
1018 2887 1119 2940 tuam.

626 3012 688 3075 Ad
698 3013 927 3094 complendum.

213 3121 408 3206 Quesumus
423 3124 635 3205 omnipotens
652 3125 741 3187 deus
759 3134 795 3187 ut
811 3125 867 3206 qui
884 3124 1038 3187 caelestia
1050 3124 1207 3186 alimenta
1224 3124 1370 3205 percepi-

167 3228 255 3273 mus.
272 3210 497 3273 intercedente
513 3210 612 3273 beato
627 3211 797 3273 uincentio
814 3222 958 3293 martyre
984 3222 1050 3274 tuo.
1067 3231 1126 3292 per
1149 3210 1231 3272 haec
1254 3223 1369 3273 contra

167 3297 286 3361 omnia
301 3297 442 3359 aduersa
457 3298 653 3361 muniamur.
670 3317 728 3378 per
743 3298 924 3360 dominum.

199 3492 235 3543 x.
261 3478 353 3542 Kar..
380 3479 489 3543 Fauu.
515 3479 934 3630 NATALEMSuucaouuu
960 3481 1269 3544 Eliunua'rmunu
1293 3494 1339 3542 su

710 3581 875 3632 Acunum

213 3686 386 3750 Maiestati
424 3696 502 3749 tuae
540 3707 600 3750 nos
638 3688 774 3750 domine
813 3699 995 3771 martyrum
1034 3688 1233 3771 supplicatio
1271 3688 1369 3750 beata

163 3772 334 3838 conciliet.
350 3784 386 3836 ut
401 3774 457 3853 qui
470 3774 707 3837 incessabiliter
719 3776 848 3838 actibus
857 3777 979 3838 nostris
990 3774 1197 3838 offendimus.
1208 3776 1368 3838 iustorum

160 3858 344 3945 praecibus
360 3860 541 3940 expiemur.
558 3881 617 3942 per
631 3862 813 3924 dominum.

690 3996 828 4062 Secreta.

207 4104 366 4185 Accepta
390 4105 449 4168 tibi
470 4106 513 4168 sit
537 4108 672 4170 domine
696 4118 844 4171 sacratae
870 4108 977 4191 plebis
1003 4109 1136 4173 oblatio.
1152 4130 1213 4191 pro
1235 4119 1367 4172 tuorum

156 4192 296 4258 honore
319 4203 509 4254 sanctorum
536 4213 678 4275 quorum
706 4196 829 4258 meritis
853 4216 888 4258 se
911 4197 1095 4278 percepisse
1107 4197 1140 4259 in
1157 4196 1369 4259 tribulatione

154 4278 342 4363 cognoscit
357 4278 529 4343 auxilium.
546 4300 611 4362 per.

681 4433 690 4465 ¹
708 4438 756 4487 For
767 4439 857 4487 rabidi.

679 4498 690 4533 ²
706 4503 756 4553 For
767 4504 908 4554 immiteis.
