3046 5092
406 353 465 405 VII.
494 353 577 403 KAL.
606 352 686 402 MAI.
713 351 909 401 LAETANIA
934 350 1090 402 MAIORE.
1311 364 1355 403 111

353 594 550 657 Douiuicn
577 592 661 656 1111.
678 591 774 657 Posr
790 591 961 656 Ocrnsns
979 592 1159 656 Priscum.

201 732 294 794 Deus
324 751 345 793 a
373 751 440 812 quo
470 730 558 793 bona
588 740 708 792 cuncta
730 729 914 811 procedunt
938 729 1055 811 largire
1085 728 1298 812 supplicibus.
1322 740 1358 793 ut

155 820 342 900 cogitemus
356 827 390 880 te
406 818 586 899 inspirante
601 837 687 898 quae
709 827 799 880 recta
814 827 891 880 sunt
906 826 940 880 et
955 828 988 881 te
1011 816 1218 899 gubernante
1240 819 1357 881 eadem

156 904 325 968 faciamus.
341 924 400 987 per
415 905 597 967 dominum.

686 1013 825 1079 Secreta.

201 1128 340 1211 Suscipe
355 1127 490 1191 domine
506 1125 651 1189 fidelium
674 1146 806 1208 praeces
823 1146 898 1189 cum
921 1126 1144 1191 oblationibus
1167 1128 1358 1192 hostiarum.

156 1226 193 1278 ut
231 1235 290 1297 per
326 1215 407 1278 hacc
446 1214 520 1296 piae
550 1213 738 1277 deuotionis
776 1213 885 1276 officia
922 1215 964 1277 ad
1003 1215 1178 1277 caelestem
1217 1215 1356 1296 gloriam

156 1313 371 1365 transeamus
388 1322 454 1384 per.

668 1411 850 1493 Praefatio.

202 1527 253 1590 (D
277 1536 409 1589 aeterne
440 1526 529 1588 deus.
576 1523 621 1586 Et
644 1525 852 1587 maiestatem
876 1533 968 1587 tuam
993 1525 1165 1588 indefessis
1188 1524 1359 1608 praecibus

157 1633 305 1676 exorare.
337 1622 372 1675 ut
404 1621 531 1674 mentes
562 1621 691 1673 nostras
722 1611 817 1673 bonis
847 1612 1002 1692 operibus
1032 1633 1163 1694 semper
1192 1612 1358 1675 informes,

159 1699 249 1782 Quia
260 1701 306 1761 sic
322 1700 443 1761 erimus
460 1696 615 1780 praeclari
632 1698 775 1760 muneris
792 1709 947 1779 prompta
967 1700 1154 1762 sinceritate
1169 1699 1318 1762 cultores.
1332 1700 1358 1760 si

157 1787 200 1849 ad
218 1785 355 1848 meliora
378 1785 496 1865 iugiter
517 1794 733 1846 transeuntes.
750 1785 926 1866 pasehalae
950 1786 1143 1867 mysterium
1166 1787 1359 1850 studeamus

158 1872 280 1935 habere
296 1882 501 1954 perpetuum.
518 1890 576 1952 per
591 1870 758 1933 christum.

605 2023 668 2086 Ad
679 2023 904 2105 complendum.

204 2137 328 2200 Tribue
351 2136 447 2198 nobis
470 2135 605 2198 domine
621 2134 772 2198 caelestis
795 2156 908 2214 mense
931 2136 1062 2199 uirtutis
1100 2137 1299 2202 satietatem.
1325 2146 1361 2200 et

158 2224 345 2289 desiderare
360 2244 445 2305 quae
462 2233 550 2286 recta
565 2231 650 2284 sunt
666 2230 700 2285 et
715 2222 901 2286 desiderata
917 2224 1094 2305 percipere.
1110 2245 1169 2305 per
1178 2225 1360 2288 dominum.

433 2447 495 2495 vn.
514 2432 605 2495 KAL.
622 2432 709 2495 Mai.
724 2430 921 2495 Liternum
937 2431 1098 2497 Maioma.

205 2572 357 2635 Mentem
381 2569 524 2632 familiae
546 2578 624 2631 tuae
649 2588 829 2650 quesumus
856 2568 990 2630 domine
1020 2569 1242 2634 intercedente
1264 2571 1363 2635 beato

160 2658 321 2721 laurentio
337 2667 480 2737 martyre
496 2665 554 2717 tuo
569 2666 602 2718 et
619 2675 753 2717 munere
775 2655 1027 2737 conpunctionis
1042 2658 1139 2738 aperi.
1155 2669 1189 2721 et
1212 2658 1362 2741 largitate

162 2758 237 2809 tuae
259 2746 392 2827 pietatis
408 2743 539 2805 exaudi.
556 2762 615 2824 per
629 2742 810 2805 dominum.

715 2891 808 2953 Alia.

203 3005 297 3068 Deus
306 3004 362 3087 qui
379 3003 493 3085 culpas
508 3002 771 3083 delinquentium
784 3001 932 3078 districte
948 3000 1096 3065 feriendo
1111 3005 1253 3085 percutis
1266 3005 1361 3070 lletus

162 3111 293 3174 quoque
310 3091 494 3171 lugentium
510 3109 575 3152 non
593 3085 751 3161 recusas.†
769 3089 876 3169 utqui
900 3090 1031 3170 pondus
1055 3099 1132 3152 tuae
1154 3093 1362 3157 animaduer-

162 3180 261 3242 sionis
277 3178 496 3259 cognouimus
511 3177 611 3238 etiam
628 3175 760 3257 pietatis
775 3175 915 3257 gratiam
932 3177 1120 3239 sentiamus
1137 3199 1204 3260 per.

717 3310 807 3373 Alia.

203 3424 322 3510 [Parce
344 3424 478 3488 domine
500 3442 681 3505 quesumus
696 3442 794 3504 parce
817 3422 942 3504 populo
957 3431 1024 3486 tuo.
1041 3434 1076 3487 et
1101 3424 1198 3489 nullis
1214 3427 1269 3509 [lo
1291 3443 1363 3512 79v.

164 3512 227 3575 iam
255 3512 391 3595 patiaris
428 3510 683 3573 aduersitatibus
721 3509 860 3591 fatigari.
894 3529 978 3591 quos
1016 3513 1182 3593 praetioso
1219 3513 1277 3577 filii
1315 3519 1361 3580 tui

163 3604 324 3682 sanguine
340 3598 515 3661 redemisti.
533 3617 590 3679 per
605 3596 757 3659 eundem.

719 3731 813 3797 Altis.

206 3849 301 3912 Deus
332 3845 388 3928 qui
415 3845 529 3926 culpas
559 3853 688 3908 nostras
715 3844 776 3926 piis
803 3842 994 3907 uerberibus
1020 3847 1170 3927 percutis.
1202 3858 1239 3912 ut
1261 3871 1322 3914 nos
1345 3873 1365 3914 a

164 3936 285 3999 nostris
323 3932 550 4014 iniquitatibus
586 3932 755 3994 emundes.
793 3932 837 3993 da
873 3931 969 3993 nobis
1006 3942 1039 3994 et
1069 3933 1111 3995 de
1141 3936 1276 3998 uerbere
1306 3949 1364 4001 tuo

164 4021 323 4105 proficere
338 4029 372 4083 et
393 4022 436 4083 de
459 4028 517 4082 tua
538 4018 635 4082 citius
657 4018 884 4083 consolatione
906 4019 1061 4100 gaudere.
1107 4020 1169 4082 Per
1190 4024 1363 4088 dominum

163 4118 325 4173 nostrum.

719 4215 811 4279 Alia.

207 4331 342 4397 Adesto
371 4330 506 4395 domine
531 4329 828 4413 supplicationibus
851 4328 972 4393 nostris
994 4339 1029 4393 ct
1051 4342 1221 4413 sperantes
1252 4335 1283 4398 in
1308 4348 1367 4400 tua

164 4418 400 4485 misericordia
430 4417 654 4481 intercedente
690 4415 790 4479 beato
817 4425 911 4497 petro
947 4418 1099 4499 apostolo
1129 4428 1196 4484 tuo.
1233 4423 1366 4488 caelesti

163 4516 307 4593 protege
322 4504 486 4588 benignus
501 4503 634 4568 auxilio.
651 4522 717 4585 per.
