3046 5092
157 313 207 353 200
335 299 461 363 [XVIII]
485 300 571 350 KAL.
598 299 702 351 SEPT.
728 300 943 354 ASSUmrlo
964 302 992 353 S.
1020 302 1184 353 MARIAE.

188 491 264 541 xrx.
289 476 381 540 Kar..
406 476 509 542 Saea.
534 476 691 540 Nemee
714 459 856 541 Snucn
881 478 1037 543 Eusnnn
1061 478 1326 546 consessurus.

202 607 294 669 Deus
309 608 365 688 qui
382 626 442 669 nos
458 607 546 669 beati
562 605 694 670 eusebii.
710 606 908 670 confessoris
917 608 965 670 tui
981 627 1093 670 annua
1109 608 1352 691 sollempnitate

156 693 325 757 laetificas,
341 693 486 756 concede
501 694 673 775 propitius,
688 704 726 757 ut
748 696 841 756 cuius
864 694 1018 757 natalicia
1040 695 1193 760 colimus.
1209 716 1269 778 per
1289 696 1351 759 eius

156 781 199 844 ad
215 791 248 843 te
264 779 421 862 exempla
436 781 634 861 gradiamur.
650 800 717 862 per.

691 917 826 982 Secreta.

200 1028 324 1092 Laudis
340 1040 417 1092 tuae
433 1029 567 1092 domine
583 1027 709 1092 hostias
725 1029 937 1093 immolamus
954 1031 985 1092 in
1002 1040 1136 1093 tuorum
1155 1051 1350 1094 commemo

156 1116 283 1179 ratione
319 1127 510 1179 sanctorum
548 1116 667 1197 quibus
705 1136 766 1179 nos
803 1128 837 1180 et
875 1117 1105 1199 praesentibus
1144 1120 1224 1181 exui
1265 1118 1350 1180 malis

156 1203 354 1267 confidimus
369 1212 404 1266 et
419 1202 544 1267 luturis.
561 1224 627 1285 per.

672 1339 853 1421 Praefatio.

200 1452 249 1516 (D
289 1460 421 1514 aeterne
459 1452 548 1514 deus
596 1452 641 1515 Et
671 1451 882 1514 clementiam
916 1461 1008 1515 tuam
1047 1455 1162 1534 pronis
1193 1454 1348 1517 mentibus

155 1559 295 1601 exorare
311 1550 346 1602 ut
363 1559 421 1620 per
443 1539 531 1602 beati
548 1539 671 1601 eusebii
688 1538 892 1602 confessoris.
917 1540 1189 1603 intercessionem
1214 1540 1326 1603 salutii
1338 1575 1347 1585 -

156 1646 226 1688 ram
258 1627 290 1687 in
315 1627 434 1689 nostris
459 1624 624 1689 mentibus
655 1625 766 1688 firmes
788 1626 1011 1688 deuotionem.
1057 1626 1300 1709 Concedasque
1318 1636 1347 1687 ut

155 1713 240 1776 sicut
255 1722 289 1775 te
304 1713 411 1775 solum
428 1714 593 1777 credimus
616 1723 785 1775 auctorem
809 1721 843 1775 et
865 1733 1062 1775 ueneramur
1085 1717 1295 1777 saluatorem.
1308 1715 1345 1775 sic

156 1800 189 1862 in
205 1812 401 1882 perpetuum
418 1801 488 1862 eius
504 1800 692 1863 interuentu
709 1798 892 1862 habeamus
921 1800 1107 1862 adiutorem
1125 1822 1185 1883 per
1199 1801 1343 1864 christum

153 1887 326 1950 dominum
343 1896 500 1949 nostrum.

604 2006 666 2069 Ad
683 2005 909 2088 conptlcndum.

199 2119 328 2182 Refecti
345 2119 432 2200 cybo
447 2128 595 2200 potuque
610 2119 743 2182 caelesti
759 2119 842 2181 deus
858 2128 976 2181 noster.
994 2130 1027 2182 te
1050 2120 1217 2202 supplices
1239 2138 1338 2183 exora·

155 2226 236 2268 mus.
248 2218 284 2269 ut
297 2207 329 2267 in
340 2207 432 2268 cuius
442 2206 522 2268 haec
533 2206 850 2269 commemoratione
860 2208 1078 2289 percepimus.
1089 2210 1161 2270 eius
1172 2209 1337 2270 muniamur

153 2302 187 2356 et
202 2294 382 2375 praecibus.
398 2312 456 2374 per
471 2293 653 2355 dominum.

218 2478 356 2541 Eonmr
382 2480 454 2541 Dnz
479 2480 633 2543 Urcmm
656 2479 939 2543 Assuneemnrs
964 2480 1142 2543 §ascrae
1161 2482 1304 2543 Malene.

201 2611 291 2672 Deus
315 2612 369 2690 qni
395 2611 588 2692 uirginalem
613 2610 732 2671 aulam.
757 2610 874 2672 beatae
900 2612 1021 2672 mariae
1046 2613 1077 2672 in
1102 2633 1168 2692 qun
1193 2611 1328 2672 habitares

156 2699 276 2777 eligere
293 2700 448 2777 dignatus
465 2719 507 2759 es.
525 2698 568 2757 da
584 2718 763 2777 quesumus
781 2710 816 2758 ut
833 2718 893 2759 sua
909 2719 968 2758 nos
993 2699 1186 2760 defensione
1210 2697 1327 2760 munitos

158 2787 316 2848 iocundos
334 2785 432 2845 saciat
449 2805 527 2845 suae
544 2784 700 2846 interesse
718 2783 904 2847 lestiuitate.
922 2786 977 2865 qui
996 2787 1089 2849 uiuis.

688 2919 825 2982 Secreta.

202 3034 327 3113 Magna
358 3042 407 3093 cst
438 3033 573 3093 domine
598 3033 685 3112 apud
725 3032 935 3094 clementiam
976 3043 1067 3094 tuam
1099 3033 1152 3093 dei
1191 3022 1325 3113 genitricis

158 3122 271 3182 oratio,
288 3140 388 3199 quam
407 3120 527 3180 idcirco
544 3120 585 3179 de
612 3121 775 3200 praesenti
793 3120 940 3201 „saeculo
960 3120 1166 3182 transtulisti.
1192 3120 1243 3200 [so.
1261 3126 1325 3188 μᾶν-

159 3217 195 3269 ut
227 3228 285 3287 pro
316 3208 459 3286 peccatis
491 3207 610 3267 nostris
642 3207 730 3286 apud
771 3219 802 3267 te
842 3206 1039 3270 fiducialiter
1078 3207 1260 3269 intercedat.
1285 3211 1325 3278 per

158 3296 308 3356 eundem.

605 3409 666 3470 Ad
683 3408 907 3489 corripendum.

203 3523 356 3585 Concede
374 3523 556 3582 misericors
573 3522 654 3582 deus
671 3521 838 3602 fragilitati
863 3531 995 3582 nostrae
1019 3523 1217 3600 praesidium
1240 3529 1268 3580 ut
1286 3521 1324 3606 {11¹¹

158 3622 292 3671 sanctae
316 3610 368 3669 clei
392 3610 558 3689 genitricis
587 3609 731 3689 requiem
766 3608 997 3671 caelebramus.
1024 3609 1257 3670 intercessionis
1276 3608 1325 3659 crus

158 3698 284 3757 auxilio
332 3718 350 3755 a
392 3697 510 3756 nostris
557 3695 785 3776 iniquitatibus
832 3716 1048 3776 resurgamus.
1095 3718 1154 3776 per
1197 3671 1325 3755 eumeni

157 3784 329 3845 dominum
347 3793 503 3843 nostrum.

287 3984 364 4033 xm.
390 3970 493 4031 Kar}
519 3970 623 4032 Suum
648 3969 867 4032 Assunr‘rro
892 3970 1066 4034 Sssc‘rnn
1093 3970 1249 4030 listune.

202 4098 402 4161 Ueneranda
419 4099 513 4159 nobis
537 4099 671 4159 domine
696 4099 790 4160 liuius
814 4101 878 4162 diei
905 4099 1065 4160 sestiuitas
1089 4119 1187 4178 opem
1211 4086 1328 4157 content

157 4187 391 4265 sempiternam
409 4187 440 4245 in
458 4205 523 4264 qua
540 4197 654 4246 sancta
671 4185 722 4246 dei
739 4188 883 4266 genitrix
902 4197 1042 4247 mortem
1067 4187 1167 4246 subiit
1193 4190 1328 4260 ternpore·

155 4268 228 4333 lem.
247 4293 306 4334 nec
323 4282 434 4333 tamen
452 4273 567 4333 mortis
584 4272 725 4334 nexibus
743 4275 882 4354 deprimi
907 4274 1021 4353 potnit.
1039 4294 1125 4352 <ritae
1143 4272 1243 4333 lilium
1259 4273 1329 4328 tuulss

153 4360 325 4421 dominum
344 4371 493 4421 nostrum
511 4360 552 4419 de
569 4380 603 4419 sc
619 4362 733 4439 genuit
752 4361 966 4422 incarnatum.
983 4361 1038 4440 qui
1056 4370 1167 4420 tecum
1182 4360 1268 4421 uiuit.

575 4468 583 4500 ¹
601 4477 635 4522 So
648 4474 704 4522 MS.
716 4474 752 4521 sor
764 4476 833 4522 nerii
844 4476 893 4522 tal.
