3046 5092
157 302 203 354 172
413 291 442 342 V.
471 290 559 343 NON.
590 291 670 341 MAI.
701 290 789 342 Nar.
820 291 848 342 S.
878 289 1097 344 IUUENALIS.

606 467 670 532 Ad
679 465 903 550 complendum.

199 578 328 643 Refecti
350 577 602 661 participatione
626 579 769 642 muneris
795 579 879 641 sacri
909 597 1091 660 quesumus
1112 579 1251 644 domine
1272 579 1355 642 deus

154 676 273 731 noster.
289 675 327 729 ut
342 666 434 728 cuius
449 667 647 749 exequimur
661 665 787 729 cultum
802 665 985 729 sentiamus
997 664 1162 730 effectum.
1174 686 1234 748 per
1248 666 1355 729 domi·

155 773 235 817 num
251 763 409 815 nostrum.

286 951 377 1016 Kar.
402 952 488 1014 MAI.
512 950 797 1016 Aeosrououuu
822 951 992 1013 Parmam
1017 962 1064 1012 ur
1088 950 1227 1016 [neom.

199 1085 292 1148 Deus
315 1085 371 1167 qui
394 1105 455 1148 nos
478 1104 595 1147 annua.
619 1083 845 1166 apostolorum
869 1094 1002 1148 tuorum
1025 1085 1167 1168 philippi
1190 1094 1226 1149 et
1248 1085 1354 1149 iacobi

155 1172 402 1255 sollempnitate
418 1171 583 1235 laetificas.
595 1181 726 1253 praesta
748 1191 928 1253 quesumus
951 1182 989 1235 ut
1010 1192 1152 1254 quorum
1168 1174 1356 1254 gaudemus

156 1260 288 1323 meritis.
305 1261 506 1322 instruamur
520 1258 693 1340 exemplis.
709 1277 774 1341 per.

687 1391 824 1455 Secreta.

199 1488 340 1559 Munera
349 1496 484 1560 domine
495 1516 581 1578 quae
592 1516 653 1577 pro
662 1495 888 1578 apostolorum
906 1506 1036 1559 tuorum
1049 1495 1191 1579 philippi
1201 1506 1236 1559 et
1249 1495 1355 1560 iacobi

155 1582 401 1665 sollempnitate
422 1582 600 1646 deferimus
623 1583 783 1665 propitius
806 1583 944 1665 suscipe.
965 1593 999 1646 et
1022 1582 1112 1645 mala
1133 1584 1248 1647 omnia
1271 1603 1357 1666 quae

156 1688 322 1733 meremur
336 1680 456 1734 auerte.
472 1689 532 1752 per
546 1670 719 1732 dominum
735 1680 894 1733 nostrum.

663 1804 846 1884 Praefatio.

199 1919 249 1982 ff>
265 1926 396 1980 aeterne
412 1916 501 1980 deus.
540 1915 607 1999 Qui
623 1917 817 1981 aecclesiam
834 1926 926 1980 tuam
943 1918 975 1979 in
991 1917 1175 2000 apostolica
1184 1918 1355 1984 soliditate

154 2002 302 2067 firmasti.
348 2004 401 2066 De
416 2024 557 2085 quorum
573 2003 714 2086 collegio
728 2013 806 2066 sunt
829 2005 946 2067 beatus
969 2004 1137 2087 philippus
1161 2016 1195 2069 et
1218 2006 1353 2071 iacobus

153 2111 294 2173 quorum
318 2092 480 2173 passionis
502 2091 591 2153 diem
615 2091 736 2153 festum
760 2111 961 2154 ueneramur.
1008 2092 1188 2156 Poscentes
1210 2103 1249 2157 ut
1272 2096 1355 2157 sicut

153 2198 267 2242 eorum
283 2178 442 2241 doctrinis
457 2178 654 2240 instruimur.
670 2179 716 2239 ita
731 2179 896 2260 exemplis
920 2179 1115 2242 muniamur.
1131 2188 1166 2243 et
1181 2182 1355 2262 praecibus

154 2265 356 2329 adiuuemur.
373 2285 433 2347 per
447 2264 604 2327 christum
621 2264 794 2328 dominum
810 2273 969 2327 nostmm.

608 2400 670 2464 Ad
679 2401 904 2482 complendum.

199 2514 388 2596 Quesumus
413 2513 547 2575 domine
573 2513 770 2576 salutaribus
802 2513 916 2595 repleti
944 2514 1117 2593 mysteriis.
1143 2525 1179 2577 ut
1210 2536 1348 2596 quorum

155 2602 349 2682 sollempnia
366 2600 598 2662 caelebramus
611 2621 724 2662 eorum
736 2600 940 2662 orationibus
953 2601 1156 2663 adiuuemur.
1173 2623 1233 2683 per
1248 2603 1349 2665 domi-

156 2710 234 2752 nurn
252 2699 411 2750 nostrum.

156 2895 186 2942 v.
213 2882 308 2944 Nou.
334 2883 418 2943 Mar.
443 2882 598 2944 Numine
616 2882 851 2946 Snucronulr
869 2882 1102 2945 Autronium
1120 2897 1201 2946 cuir
1223 2883 1350 2948 Socus.

201 3013 335 3074 Praesta
351 3032 530 3092 quesumus
545 3013 755 3093 omnipotens
776 3013 866 3074 deus
882 3023 919 3074 ut
940 3013 1198 3093 quisanctorum
1214 3022 1341 3076 tuorum

155 3098 336 3161 alexandri.
362 3101 471 3161 euenti
497 3110 529 3161 et
554 3099 700 3161 theodoli
727 3099 882 3161 natalicia
905 3099 1050 3162 colimus
1070 3121 1090 3161 a
1106 3101 1234 3162 cunctis
1251 3102 1341 3163 malis

159 3183 421 3248 limminentibus
437 3206 549 3248 eorum
566 3187 853 3248 intercessionibus
869 3186 1052 3248 liberemur.
1069 3207 1134 3267 per.
1180 3186 1237 3269 [fo.
1258 3205 1293 3249 12
1298 3205 1362 3268 3v-

688 3323 826 3385 Secreta.

201 3435 308 3515 Super
323 3434 382 3496 has
397 3454 576 3516 quesumus
593 3435 725 3496 domine
741 3435 865 3496 hostias
876 3435 1063 3497 benedictio
1075 3436 1383 3516 copiosadescern

156 3523 222 3584 dat.
238 3541 323 3602 quae
349 3532 382 3583 et
406 3520 700 3583 sanctificationem
727 3523 822 3583 nobis
852 3522 1031 3584 clementer
1061 3534 1226 3603 operetur.
1250 3535 1283 3586 et
1311 3523 1390 3585 ck«

157 3617 339 3689 martyrum
357 3628 417 3669 nos
432 3608 678 3690 sollempnitate
694 3608 855 3671 laetificet.
873 3630 932 3690 per
947 3610 1120 3671 dominum
1138 3620 1295 3673 nostrum.

608 3745 670 3807 Ad
681 3745 907 3825 complendum.

202 3855 329 3918 Refecti
354 3856 606 3937 participatione
633 3859 776 3919 muneris
803 3858 885 3919 sacri
909 3878 1088 3939 quesumus
1113 3859 1250 3921 domine
1274 3859 1360 3920 deus

158 3953 276 4006 noster.
294 3952 329 4004 ut
345 3963 484 4023 quorum
501 3943 698 4024 exequimur
713 3945 847 4007 cultum.
864 3946 1046 4007 sentiamus
1062 3944 1230 4009 effectum.
1246 3965 1308 4028 per.

246 4143 381 4205 Eouuu
408 4143 480 4205 Du:
506 4143 661 4205 NATALE
685 4142 827 4206 Snucn
852 4145 1063 4206 luuuunuis
1088 4143 1268 4207 Eriscom.

201 4262 325 4326 Annue
339 4283 519 4345 quesumus
535 4264 668 4326 domine
684 4274 720 4326 ut
737 4266 854 4327 merita
870 4266 930 4327 tibi
953 4264 1075 4347 placita
1098 4265 1205 4327 sancti
1229 4260 1333 4327 conses-

157 4351 239 4412 soris
254 4352 302 4413 tui
318 4361 352 4415 et
367 4351 512 4433 episcopi
529 4350 688 4413 iuuenalis
702 4371 763 4432 pro
775 4353 929 4434 gregibus
941 4373 1024 4433 quos
1034 4351 1163 4413 sincero
1176 4349 1335 4415 ministerio

158 4437 362 4518 gubernauit.
379 4438 537 4520 pietatem
554 4448 645 4500 tuam
661 4457 791 4519 semper
806 4436 949 4511 exoretl
964 4458 1029 4521 per.
