3046 5092
443 274 558 324 HEBD.
590 274 659 323 IIII.
689 273 827 336 QUADR.
875 273 992 323 FERIA
1021 275 1060 326 ΙΙ.

392 496 589 561 ΒοΜΙΝιεΑ
613 495 697 559 1111.
715 510 756 559 ru
775 495 1092 579 Qunonsossrnn

196 635 351 700 Concede
366 657 545 717 quesumus
560 640 773 720 omnipotens
795 639 878 701 deus
893 648 930 701 ut
946 638 1003 721 qui
1019 659 1064 701 ex
1081 639 1201 702 merito
1224 650 1358 703 nostrae

153 724 292 785 actionis
322 722 507 805 affligimur.
535 736 612 786 tuae
641 727 768 808 gratiae
806 726 1033 789 consolatione
1066 727 1272 809 respiremus.
1299 748 1358 809 per

153 811 327 873 dominum
352 822 509 873 nostrum.

687 939 824 1004 Secreta.

197 1049 372 1114 Sacrificiis
388 1053 615 1135 praesentibus
631 1053 766 1115 domine
789 1073 971 1134 quesumus
987 1055 1123 1118 intende
1143 1054 1304 1137 placatus
1322 1065 1359 1118 ut

153 1148 187 1200 et
203 1140 374 1201 deuotioni
392 1151 523 1202 nostrae
540 1139 713 1222 proficiant
729 1151 763 1203 et
779 1141 887 1203 saluti.
898 1161 965 1223 per.

656 1273 840 1355 Praefatio.

198 1384 248 1447 ff)
273 1394 406 1448 aeterne
430 1386 519 1449 deus.
578 1386 623 1449 Et
649 1395 683 1449 te
705 1396 887 1449 creatorem
911 1387 1062 1450 omnium
1092 1386 1135 1450 de
1165 1387 1355 1469 praeteritis

155 1469 315 1533 fructibus
344 1472 534 1553 glorificare.
565 1485 598 1536 et
629 1475 671 1536 de
701 1475 849 1536 uenturis
880 1475 1073 1556 suppliciter
1098 1494 1247 1537 exorare.
1310 1474 1358 1538 Ut

155 1578 230 1619 cum
247 1560 289 1621 de
305 1562 468 1641 perceptis
484 1559 565 1644 lnon
583 1561 770 1623 inuenimur
785 1562 904 1641 ingrati
921 1563 964 1622 de
979 1561 1199 1644 percipiendis
1216 1560 1273 1642 [lo
1288 1575 1358 1640 51v.

155 1663 221 1705 non
275 1647 458 1709 iudicemur
506 1648 640 1730 indigni.
708 1647 776 1710 Sed
828 1647 981 1710 exhibita
1032 1650 1131 1711 toties
1179 1649 1357 1729 sollempni

155 1732 334 1794 deuotione
387 1734 517 1796 ieiunia
569 1755 645 1797 curn
689 1733 845 1796 subsidiis
898 1734 1124 1816 corporalibus
1169 1734 1357 1817 proiectum

154 1838 288 1900 quoque
303 1821 473 1901 capiamus
489 1822 683 1884 animarum.
699 1840 759 1902 per
772 1821 932 1884 christum
948 1821 1123 1884 dominum
1139 1833 1300 1885 nostrum.

607 1958 670 2021 Ad
679 1956 905 2039 complendum.

198 2069 253 2131 Da
277 2070 371 2133 nobis
403 2071 585 2134 misericors
611 2071 702 2132 deus.
718 2079 755 2131 ut
781 2079 896 2131 sancta
919 2078 977 2131 tua
1007 2067 1127 2149 quibus
1153 2067 1360 2129 incessanter

154 2156 338 2239 explemur.
362 2159 496 2220 sinceris
516 2167 697 2220 tractemus
720 2157 895 2238 obsequiis.
912 2166 946 2219 et
971 2154 1060 2218 fideli
1085 2174 1219 2237 semper
1245 2164 1360 2217 mente

155 2263 334 2307 sumamus.
350 2265 416 2325 per.

616 2346 725 2428 Super
730 2344 893 2427 populum.

199 2459 291 2523 Deus
315 2461 370 2541 qui
396 2461 427 2522 in
452 2461 572 2523 deserti
591 2461 723 2540 regione
747 2458 994 2520 multitudinem
1018 2456 1133 2539 populi
1159 2465 1218 2518 tua
1234 2457 1361 2520 uirtute

155 2548 289 2608 satiasti.
322 2549 353 2607 in
379 2548 475 2609 huius
505 2568 637 2629 quoque
667 2546 788 2607 saeculi
819 2546 1018 2606 transeuntis
1048 2565 1199 2606 excursu.
1231 2546 1360 2606 uictum

155 2634 249 2695 nobis
266 2635 445 2715 spiritalem
463 2655 504 2696 ne
520 2634 711 2697 deficiamus
728 2633 879 2714 inpende.
896 2653 955 2714 per
970 2631 1143 2693 dominum
1161 2641 1323 2693 nostrum.

669 2839 788 2901 Ferus
813 2839 856 2900 ll.

199 2968 331 3030 l'raesta
357 2988 536 3048 quesumus
560 2969 771 3049 omnipotens
795 2966 876 3028 deus
905 2972 941 3025 ut
968 2963 1218 3025 obseruationes
1247 2983 1360 3026 sacras

156 3075 264 3116 annua
281 3056 459 3117 deuotione
481 3055 669 3117 recolentes
686 3064 719 3116 et
735 3072 872 3135 corpore
896 3051 955 3114 tibi
978 3052 1169 3132 placeamus
1185 3061 1220 3111 et
1237 3063 1362 3116 mente.

154 3163 219 3222 per.

688 3245 827 3308 Secreta.

199 3355 359 3418 Oblatum
374 3357 432 3418 tibi
449 3358 584 3420 domine
594 3357 789 3420 sacrificium
803 3355 948 3418 uiuificet
959 3374 1019 3416 nos
1029 3373 1160 3434 semper
1170 3373 1208 3415 ac
1220 3355 1361 3418 muniat

158 3464 221 3507 oer.

666 3548 848 3627 Praefatae.

200 3659 248 3720 (D
261 3669 392 3720 aeterne
405 3659 494 3721 deus.
542 3660 586 3721 Et
599 3671 691 3722 tuam
702 3661 893 3743 suppliciter
904 3655 1162 3720 misericordiam
1175 3656 1357 3738 implorare

156 3755 191 3807 ut
219 3747 415 3808 exercitatio
441 3748 631 3809 ueneranda
662 3751 772 3810 ieiunii
805 3748 965 3809 salutaris.
997 3765 1058 3806 nos
1089 3764 1108 3805 a
1139 3756 1357 3825 peccatorum

157 3843 342 3895 nostrorum
372 3833 509 3894 maculis
536 3848 695 3916 purgatos
720 3836 837 3897 reddat
862 3846 896 3896 et
919 3833 961 3894 ad
989 3850 1208 3912 supernorum
1231 3832 1358 3894 ciuium

157 3922 349 3981 societatem
376 3922 545 4002 perducat.
592 3922 639 3985 Ut
663 3935 697 3984 et
723 3924 776 3984 hic
803 3925 1000 3984 deuotorum
1025 3929 1160 3980 actuum
1184 3937 1361 3981 sumamus

156 4019 381 4088 augmentum.
404 4019 438 4069 et
465 4008 529 4070 illic
560 4021 713 4071 aeternae
741 4009 954 4071 beatitudinis
979 4006 1200 4088 percipiamus
1231 4008 1361 4069 emolu-

157 4107 314 4157 mentum.
331 4115 389 4176 per
404 4095 562 4157 christum
579 4096 751 4157 dominum
769 4108 926 4158 nostrum.

611 4235 673 4296 Ad
683 4234 907 4315 complendum.

201 4341 350 4423 Sumptis
381 4344 516 4407 domine
553 4345 750 4407 salutaribus
781 4343 1004 4407 sacramentis.
1034 4342 1077 4405 ad
1117 4341 1360 4423 redemptionis

155 4442 308 4492 aeternae
324 4452 502 4513 quesumus
519 4432 728 4514 proficiamus
744 4441 969 4514 augmentum.
985 4449 1052 4513 per.
