950 1431
167 168 193 182 ³1:
274 163 346 177 uls-ua
356 164 393 176 PRO
406 163 460 177 mvl-s·
470 163 536 180 ATQUB
546 163 662 178 DEFWTIS.

168 203 237 220 numina
245 205 284 219 ante
295 205 372 219 sanctum
384 202 437 218 altare
448 205 496 219 tuum
508 203 568 219 adesse
580 203 660 220 uidentur
670 203 737 219 nomini
747 205 775 220 tuo

169 225 290 241 consecrandas
298 224 388 240 deferimus
396 224 478 245 benignus
486 229 557 240 assume.
565 227 584 240 ut
596 225 672 241 sacrificii
684 226 775 246 praesentis

169 247 233 263 oblatio
240 247 261 263 ad
270 246 372 267 refrigerium
384 246 477 262 animarum
485 251 544 262 eorum
556 249 573 262 te
585 247 677 263 miserante
684 247 775 267 perueniat.

190 274 201 284 l.

168 274 189 290 pe
393 293 425 310 Ad
433 294 548 314 complendum.

192 322 270 338 Purificet
277 327 307 337 nos
315 326 405 342 quesumus
410 321 478 337 dornine
488 324 506 337 et
513 321 681 340 diuina-rsacmmenti
691 323 776 344 perceptio

170 347 188 360 et
202 343 275 364 gloriosa
289 345 384 359 sanctorum
396 345 462 359 tuorum
474 343 533 359 oratio.
544 346 562 359 et
573 344 662 360 animabus
674 344 775 360 famulorum

170 365 303 385 fimularumque
325 367 391 380 tuarum
414 370 485 385 quorum
507 366 687 381 commemorationem
711 366 776 387 agimus

170 387 284 403 remissionem
293 389 390 402 cunctorum
398 387 452 402 tribue
460 389 571 407 peccatorum.
580 392 614 408 per.

414 440 463 455 ITEM
475 440 529 456 ΑιῐΛ.

193 473 265 490 Sanctae
273 474 300 490 dei
308 474 396 494 genetricis
402 474 464 490 mariae
472 477 489 490 et
497 474 585 490 beatorum
593 475 669 491 omnium
677 476 776 492 caelestium

171 495 256 512 uirtutum.
264 498 359 511 sanctorum
371 501 438 516 quoque
449 496 584 516 patriarcharum.
592 497 720 517 prophetarum.
728 503 777 519 apos-

171 517 248 533 tolorum.
266 519 362 537 martyrum.
379 517 497 533 confessorum.
514 518 602 538 uirginum.
625 521 677 539 atque
699 520 776 536 omnium

171 541 266 555 sanctorum
278 542 344 555 tuorum
356 544 446 559 quesumus
457 539 564 560 omnipotens
574 541 619 556 deus.
628 541 693 556 meritis
700 546 722 557 ac
730 546 777 562 prae>

170 560 218 576 cibus
228 561 308 581 placatus.
319 561 373 576 tribue
385 561 433 576 nobis
444 561 574 577 misericordiam
586 564 637 578 tuam.
650 565 667 578 et
678 563 701 578 da
749 563 776 579 nlo

172 585 201 598 tuo
213 583 325 598 inuiolabilem
337 582 375 598 fidei
387 581 491 603 firlmitatem
502 585 519 599 et
531 588 594 604 pacem.
606 584 669 604 repelle
680 589 691 600 a
702 584 732 605 [ο.
740 589 776 605 225.

172 604 220 620 nobis
235 604 304 620 hostem.
319 607 335 620 et
350 604 416 620 famem.
430 607 447 620 et
462 607 531 625 pestem.
544 605 566 620 da
579 605 627 621 nobis
643 606 659 621 in
672 608 703 622 tua
714 607 776 622 uirtute

171 626 283 642 constantiam
291 628 308 641 et
315 626 433 642 fortitudinem.
442 626 508 642 inmitte
515 626 591 642 hostibus
599 627 660 643 nostris
668 627 775 644 formidinem

170 650 188 664 et
196 647 327 664 inualitudineni.
335 647 407 663 retribue
414 648 492 664 omnibus
504 648 553 664 nobis
563 648 607 664 bona
620 649 721 666 facientibus
732 650 776 666 uitae

171 671 249 685 aeternae
256 669 381 685 beatitudinem
390 669 412 685 da
421 670 492 685 inimicis
500 670 561 686 nostris
569 673 585 686 et
597 672 738 691 persequentibus
746 677 775 688 nos

172 691 302 711 recognitionem
318 693 334 706 et
350 691 475 711 indulgentiam.
490 692 564 707 concede
579 692 662 708 defunctis
678 694 744 709 nostris.
759 696 775 709 et

172 713 249 728 omnibus
262 713 277 728 in
290 713 351 728 christo
368 713 491 733 quiescentibus
507 714 621 729 remissionem
637 718 745 734 peccatorum
759 718 774 731 ct

171 735 244 755 requiem
253 734 375 755 sempiternam.
383 739 416 754 per*

438 768 507 784 Secreta*

195 797 214 813 1n
230 799 320 817 conspectu
336 796 427 812 maiestatis
443 799 482 812 tuae
496 802 587 817 quesumus
602 798 711 818 omnipotens
731 798 774 814 deus.

173 818 312 835 intercedentibus
320 818 398 834 omnibus
402 818 464 834 sanctis
470 818 503 834 tuis
509 818 602 834 oblationes
611 822 678 835 nostrae
683 822 700 835 et
709 825 774 840 praeces

172 840 283 861 acceptabiles
296 840 342 856 fiant.
355 842 372 856 et
384 843 413 856 tua
425 840 543 861 propitiatione
555 841 621 856 ueniam
633 841 683 856 nobis
690 844 708 857 et
716 847 773 862 paoem

172 863 230 879 tribue.
238 862 307 878 hostem*
315 862 381 878 famem.
389 864 406 877 et
414 864 483 882 pestem.
491 867 501 877 a
509 862 561 878 nobis*
569 862 635 883 repelle.
643 862 694 879 fidem
703 868 751 884 spem
758 866 774 879 et

173 885 261 901 karitatem
275 884 323 899 nobis
334 883 396 904 largire.
409 883 506 899 defensione
514 886 543 900 tua
551 889 581 900 nos
593 889 659 905 semper
673 885 773 906 circumtege

173 906 246 922 hostium
254 908 347 922 nostrorum
354 905 448 926 superbiam
453 908 470 921 et
477 906 555 921 uirtutem
563 908 634 921 contere.
643 907 723 922 omnibus
728 907 773 923 nobis

173 929 218 945 bona
226 927 323 943 facientibus
336 927 400 947 gratiae
412 930 450 943 tuae
462 927 594 943 habundantiam
603 928 707 947 retribuere.†
714 929 772 945 discor-

173 950 233 966 dantes
248 949 269 965 ad
285 949 330 970 pacis
346 949 409 964 bonum
424 952 502 965 conuerte
517 949 600 965 defunctis
619 950 680 965 nostris
700 950 772 971 requiem

173 972 250 988 concede.
264 973 280 987 et
291 971 369 987 omnibus
382 970 457 986 fidelibus
470 971 503 987 tuis
515 971 567 987 uitam
580 971 699 992 sempiternam
712 972 772 993 largire.

173 999 205 1015 per*

397 1018 429 1034 Ad
434 1018 547 1039 complendum.

196 1047 227 1063 Per
240 1047 288 1063 huius
301 1046 400 1062 sacramenti
413 1046 510 1067 mysterium
523 1049 574 1067 atque
589 1047 668 1063 uirtutem
684 1052 772 1068 quesumus

173 1069 241 1086 domine
248 1069 290 1085 deus
303 1071 359 1084 noster
370 1068 476 1089 omnipotens
488 1068 538 1084 beata
549 1069 601 1084 maria
612 1074 679 1090 semper
687 1070 750 1090 uirgine
757 1072 773 1085 et

173 1091 251 1108 omnibus
262 1090 324 1106 sanctis
336 1090 368 1106 tuis
381 1090 520 1106 intercedentibus
535 1090 613 1106 uitiorum
629 1093 724 1107 nostrorum
740 1096 772 1107 ma-

173 1113 221 1129 culae
228 1112 318 1129 deleantur.
326 1114 343 1128 et
351 1117 417 1133 praeces
429 1114 495 1127 nostrae
508 1112 524 1127 in
536 1115 627 1133 conspectu
636 1113 729 1132 maiestatii*
736 1116 773 1129 tuae

173 1134 284 1156 acceptabiles
297 1134 406 1149 inueniantur.
422 1133 493 1154 populus
508 1136 547 1150 tuus
562 1139 572 1149 a
586 1134 659 1154 peccatis
671 1137 688 1150 et
702 1135 773 1151 uitiiset

173 1156 250 1173 hostibus
265 1156 342 1172 liberetur
357 1158 374 1171 et
389 1155 427 1171 fidei
442 1155 541 1171 rectitudine
556 1156 646 1172 roboretur.
665 1158 682 1172 et
701 1156 773 1173 hostium

174 1181 268 1195 nostrorum
276 1177 353 1198 superbia
361 1179 378 1193 et
385 1177 465 1193 fortitudo
476 1179 570 1198 proteratur
580 1177 683 1198 [pestilentia
691 1178 720 1199 [fa
728 1183 774 1199 ²²5V·

174 1203 192 1217 et
205 1200 261 1216 fames.
275 1199 332 1220 procul
345 1199 433 1220 pellantur.
445 1199 490 1215 bona
501 1199 549 1215 nobis
557 1199 656 1215 facientibus
663 1200 729 1220 gratiae
736 1203 774 1217 tuae

134 1300 258 1345 Α
