3046 5092
535 260 626 312 DOM.
656 260 694 311 II.
724 258 821 310 POST
843 259 869 309 T
864 258 920 309 HE
923 259 1097 309 OPHANIA.

497 475 694 540 Donnucn
719 476 743 539 1.
767 488 856 539 poss
879 474 1144 538 Tneonnnum.

262 610 353 674 Uota
368 613 548 692 quesumus
563 611 699 673 domine
714 610 931 692 supplicantis
947 607 1060 691 populi
1076 609 1124 672 tui
1141 608 1274 672 caelesti
1291 609 1416 691 pietate

216 717 422 780 prosequere.
434 706 471 760 ut
486 706 519 760 et
535 717 622 779 quae
637 698 768 778 agenda
782 706 861 760 sunt
876 697 1020 759 uideant.
1036 706 1070 760 et
1085 697 1127 759 ad
1144 695 1314 778 implenda
1328 715 1416 779 quae

216 785 360 848 uiderint
376 785 619 849 conualescant.
634 804 701 867 per.

747 918 885 985 Secreta.

259 1023 420 1089 Oblatum
437 1025 496 1088 tibi
513 1025 647 1088 domine
661 1022 857 1087 sacrificium
874 1022 1019 1087 uiuificet
1036 1044 1095 1087 nos
1110 1022 1256 1108 [semper
1270 1023 1327 1108 [fo.
1345 1026 1417 1106 38v.

214 1122 247 1176 et
264 1115 399 1176 muniat.
417 1134 475 1195 per
490 1113 672 1176 dominum.

732 1220 914 1302 Praefatio.

260 1330 310 1393 (b
325 1339 460 1391 aeterne
476 1328 566 1391 deus.
612 1325 702 1408 Quia
716 1347 792 1389 curn
810 1326 1000 1408 unigenitus
1016 1336 1092 1389 tuus
1107 1337 1145 1390 ut
1157 1337 1264 1408 supra.

666 1461 698 1523 A
702 1459 729 1523 d
739 1460 963 1542 complendum.

259 1563 434 1646 Supplices
459 1574 492 1627 te
517 1585 672 1646 rogamus
696 1567 909 1646 omnipotens
934 1567 1024 1629 deus.
1050 1576 1086 1629 ut
1110 1586 1194 1648 quos
1219 1566 1285 1630 tuis
1309 1565 1418 1630 reficis

214 1653 438 1800 sagramentis.
454 1651 514 1713 tibi
538 1654 638 1714 etiarn
655 1651 786 1734 placitis
802 1653 949 1716 moribus
965 1654 1141 1734 dignanter
1156 1655 1322 1716 deseruire
1337 1674 1417 1716 con-

215 1758 251 1799 ce
276 1759 321 1801 as.
338 1759 404 1820 per.
432 1814 435 1819 Ι

677 1849 787 1932 Super
792 1852 955 1932 populum.

259 1951 428 2016 Conserua
442 1952 577 2016 domine
592 1973 772 2035 quesumus
793 1954 952 2018 familiam
976 1963 1068 2018 tuarn
1090 1965 1123 2018 et
1145 1955 1417 2021 benedictionum

216 2048 346 2101 tuarum
365 2041 526 2122 propitius
541 2041 693 2103 ubertate
716 2041 860 2123 purifica.
878 2052 915 2104 ut
937 2041 1177 2105 eruditionibus
1200 2043 1265 2106 tuis
1286 2063 1419 2128 semper

216 2126 454 2209 multiplicetur
467 2136 501 2190 et
517 2128 621 2191 donis
637 2148 695 2209 per
710 2129 884 2191 dominum
900 2140 1058 2192 nostrum.

484 2293 684 2358 Donrnrcn
707 2295 752 2358 11.
777 2308 867 2359 Posr
890 2294 1156 2359 Tnaoennnm.

261 2429 483 2514 Omnipotens
499 2431 698 2513 sempiterne
721 2433 803 2495 deus
826 2431 881 2514 qui
912 2431 1068 2494 caelestia
1097 2431 1196 2494 simul
1224 2440 1258 2496 et
1288 2443 1419 2497 terrena

220 2518 409 2581 moderaris
426 2520 684 2602 supplicationes
700 2520 812 2600 populi
837 2520 884 2581 tui
908 2519 1086 2581 clementer
1101 2521 1234 2582 exaudi.
1249 2531 1284 2584 et
1301 2543 1416 2603 pacem

217 2617 308 2668 tuam
326 2608 446 2668 nostris
462 2607 607 2668 concede
620 2608 833 2687 temporibus.
851 2627 917 2687 per.

746 2740 883 2803 Secreta.

261 2851 385 2916 Oblata
401 2852 535 2914 domine
553 2872 689 2915 munera
708 2851 885 2915 sanctifica.
911 2872 1037 2933 nosque
1062 2873 1082 2914 a
1106 2864 1318 2935 pcccatorum
1344 2875 1420 2918 nos-

218 2946 343 3002 trorum
362 2940 499 3002 maculis
515 2941 670 3001 emunda.
687 2960 752 3021 per.

710 3066 890 3146 Praefatae

263 3175 312 3237 d)
338 3184 469 3234 aeterne
496 3173 586 3235 deus.
632 3172 839 3253 Semperque
863 3172 1002 3232 uirtutes
1027 3178 1059 3231 et
1084 3169 1197 3231 laudes
1222 3178 1298 3231 tuas
1324 3167 1421 3232 labiis

218 3262 434 3324 exultationis
450 3260 549 3321 effari.
567 3259 623 3340 qui
647 3260 743 3320 nobis
767 3260 809 3320 ad
833 3258 1027 3319 releuandos
1051 3259 1145 3319 istius
1168 3258 1257 3318 uitae
1281 3256 1423 3321 labores

218 3351 350 3410 diuersa
365 3349 527 3409 donorurn
550 3356 682 3408 tuorum
699 3345 829 3407 solacia.
846 3355 879 3407 et
896 3364 1069 3405 munerum
1085 3344 1280 3405 salutarium
1296 3346 1425 3424 gaudia

218 3435 395 3497 contulisti.
409 3434 573 3496 mittendo
590 3433 685 3495 nobis
701 3434 805 3494 iesum
822 3432 981 3494 christum
998 3432 1171 3494 dominum
1189 3442 1349 3494 nostrum.
1362 3451 1425 3513 per

216 3541 324 3605 quern.

669 3630 731 3692 Ad
741 3629 964 3711 complendum.

262 3746 435 3826 {lugeatur
452 3744 483 3805 in
501 3743 598 3805 nobis
613 3743 748 3805 domine
764 3762 952 3823 quesumus,
969 3751 1045 3803 tuae
1061 3740 1191 3803 uirtutis
1207 3741 1367 3822 operatio,
1386 3754 1426 3806 ut

217 3832 337 3894 diuinis
362 3831 508 3911 uegetati
534 3830 759 3892 sacramentis.
775 3831 817 3892 ad
844 3850 957 3891 eorum
984 3830 1146 3910 promissa
1170 3829 1335 3909 capienda
1362 3840 1425 3893 tuo

217 3939 352 3980 munere
369 3938 609 3999 praeparemur.
626 3937 692 3998 per.

679 4049 787 4129 Super
792 4047 954 4129 populum.

261 4153 436 4216 Auxiliare
453 4154 588 4215 domine
612 4153 737 4235 populo
753 4163 819 4215 tuo.
836 4161 872 4214 ut
895 4171 1008 4214 sacrae
1031 4149 1218 4214 deuotionis
1242 4149 1424 4232 proficiens

215 4240 432 4304 incrementis.
455 4250 488 4303 et
514 4251 571 4303 tuo
596 4261 726 4321 semper
751 4260 886 4302 munere
909 4238 1116 4320 gubernetur.
1140 4246 1174 4299 et
1197 4239 1239 4300 ad
1264 4238 1422 4322 redemp-

214 4327 313 4390 tionis
329 4337 462 4405 aeterne
479 4325 657 4411 jpertineat
674 4339 706 4390 te
721 4329 864 4390 ducente
880 4326 1092 4390 consortium.
1103 4344 1162 4408 per
1173 4325 1282 4387 domi-
1298 4324 1357 4407 [s0.
1371 4345 1421 4410 39.

213 4433 301 4480 num.
