3046 5092
412 347 503 398 DOM.
531 346 602 397 IIII.
630 347 729 398 POST
751 344 1008 398 THBOPHANIA.

376 557 575 623 Domurcl
599 558 663 622 111.
688 569 777 621 ross
800 557 1065 624 Tusornnnm.

159 687 382 772 Omnipotens
406 692 607 774 sempiterne
630 691 712 753 deus
736 688 962 753 infirmitatem
988 699 1135 754 nostram
1152 691 1312 774 propitius

114 778 248 857 respice.
273 787 374 859 atque
398 780 440 842 ad
472 780 714 860 protegendum
740 797 800 839 nos
823 779 999 840 dexteram
1030 788 1107 841 tuae
1132 780 1314 843 maiestatis

113 864 269 928 extende.
286 884 345 946 per
360 865 532 929 dominum
550 875 707 928 nostrum.

645 1000 781 1063 Secreta.

159 1116 254 1181 Haec
284 1118 393 1181 hostia
422 1121 557 1183 domine
586 1140 765 1202 quesumus
795 1120 954 1183 emundet
984 1128 1096 1181 nostra
1126 1119 1255 1182 delicta.
1280 1128 1313 1181 et

114 1203 310 1268 sacrificium
335 1207 590 1271 caelebrandum
621 1208 828 1271 subditorum
860 1207 920 1270 tibi
950 1226 1089 1287 corpora
1120 1216 1314 1287 mentesque

112 1291 305 1356 sanctificet
322 1313 381 1375 per
395 1293 575 1358 dominum.

517 1461 519 1465 ’
625 1429 806 1510 Praefatio.

159 1549 209 1612 (θ
234 1558 367 1612 aeterne
389 1549 479 1612 deus,
524 1548 590 1631 Qui
614 1569 719 1631 genus
741 1549 924 1612 humanum
953 1548 1234 1632 praeuaricatione
1254 1568 1314 1612 sua

113 1635 146 1697 in
164 1636 266 1716 ipsius
282 1637 418 1717 originis
442 1637 551 1699 radice
575 1638 796 1719 dampnatum
822 1658 881 1719 per
905 1637 1019 1699 florem
1043 1637 1213 1719 uirginalis
1228 1637 1312 1698 uteri

113 1722 250 1785 reddere
266 1724 422 1805 dignatus
438 1743 473 1785 es
488 1724 686 1786 absolutum.
733 1723 783 1787 Ut
797 1724 965 1786 hominem
982 1744 1081 1806 quern
1105 1724 1312 1805 unigenitum

111 1828 290 1873 creaueras.
301 1809 473 1891 perfilium
490 1819 583 1872 tuum
594 1811 693 1873 deum
704 1820 738 1873 et
747 1811 915 1873 hominem
927 1831 1096 1873 recreares.
1107 1821 1140 1873 et
1153 1809 1311 1873 diabolus

114 1896 170 1976 qui
181 1896 280 1958 adam
294 1898 326 1959 in
344 1897 449 1978 fragili
466 1917 564 1960 carne
578 1899 755 1961 deuicerat
765 1907 961 1960 conseruata
974 1899 1099 1960 iustitia
1115 1899 1207 1961 adeo
1217 1917 1315 1960 carne

111 1982 298 2046 uinceretur
312 1993 491 2065 assumpta
507 2003 566 2065 per
580 2003 689 2066 quern.

564 2137 628 2201 Ad
637 2138 861 2220 complendum.

156 2253 252 2338 Quos
266 2257 368 2320 tantis
383 2258 518 2321 domine
534 2256 661 2341 largiris
677 2260 724 2322 uti
742 2260 914 2341 mysteriis.
931 2279 1111 2342 quesumus
1130 2269 1167 2322 ut
1189 2258 1314 2322 effecti·

113 2342 175 2405 bus
190 2363 305 2407 eorum
323 2365 384 2408 nos
399 2346 559 2409 ueraciter
574 2347 681 2432 aptari
698 2347 851 2428 digneris.
869 2366 934 2428 per.

576 2498 683 2578 Super
689 2499 851 2579 populum.

155 2614 258 2678 Adsit
282 2617 416 2679 domine
431 2637 611 2698 quesumus
627 2619 818 2701 propitiatio
841 2628 899 2681 tua
915 2616 1037 2700 populo
1053 2616 1259 2698 supplicanti.
1277 2625 1313 2678 ut

111 2703 202 2783 quod
218 2713 252 2765 te
262 2704 443 2785 inspirante
456 2704 596 2768 fideliter
605 2704 768 2788 expediti
780 2718 838 2770 tua
849 2706 966 2768 caeleri
978 2705 1130 2786 largitate
1146 2703 1312 2786 percipiat.

111 2809 178 2871 per.

370 2993 568 3059 Doumrcr
592 2995 676 3059 1111.
700 3009 788 3060 ross
812 2996 1075 3059 Tusorunum

156 3125 250 3189 Deus
272 3127 329 3208 qui
345 3147 405 3191 nos
421 3128 454 3190 in
472 3129 573 3192 tantis
596 3130 748 3211 periculis
773 3130 971 3192 constitutos
987 3150 1046 3211 pro
1062 3123 1226 3203 humano†
1249 3125 1313 3188 scis

110 3210 291 3295 fragilitate
321 3234 388 3276 non
418 3235 515 3297 posse
545 3217 731 3280 subsistere.
759 3217 802 3280 da
832 3217 927 3279 nobis
957 3217 1097 3278 salutem
1129 3214 1249 3277 mentis
1279 3223 1313 3275 et

107 3299 265 3382 corporis.
288 3311 326 3363 ut
347 3321 387 3365 ea
408 3322 494 3384 quae
516 3322 576 3384 pro
598 3305 743 3385 peccatis
766 3305 886 3367 nostris
909 3304 1061 3386 patimur.
1077 3310 1110 3364 te
1132 3302 1313 3364 adiuuante

108 3387 292 3450 uincamus.
309 3407 374 3469 per.

630 3501 809 3584 [Secreta¹.]

154 3616 326 3701 lConcede
338 3639 517 3701 quesumus
529 3622 742 3703 omnipotens
754 3623 835 3686 deus
848 3631 884 3685 ut
896 3621 993 3684 huius
1005 3618 1155 3683 sacrificii
1170 3615 1226 3702 [lo.
1241 3634 1310 3697 39V.

109 3725 231 3768 munus
243 3706 394 3769 oblatum
411 3706 622 3790 fragilitatem
633 3720 780 3772 nostram
792 3712 835 3771 ab
848 3709 939 3771 omni
952 3707 1041 3771 malo
1051 3716 1169 3788 purget
1181 3725 1312 3787 semper

107 3804 143 3856 et
160 3794 296 3856 muniat
312 3814 372 3875 per
385 3795 568 3861 dominum.

622 3924 805 4005 Praefatio.

152 4044 202 4107 (Β
226 4052 361 4106 aeterne
376 4043 466 4106 deus.
512 4042 558 4106 Et
573 4052 607 4108 te
623 4044 656 4106 in
672 4045 763 4107 omni
783 4054 933 4125 tempore
948 4042 1148 4105 conlaudare
1163 4048 1197 4103 et
1211 4038 1311 4102 bene-

104 4131 217 4194 dicere
240 4131 320 4212 quia
344 4129 376 4192 in
400 4139 434 4192 te
458 4129 603 4192 uiuimus
626 4139 660 4193 et
686 4150 858 4193 mouemur
882 4140 916 4193 et
941 4150 1065 4192 sumus.
1110 4129 1156 4191 Et
1182 4126 1309 4189 nullum

101 4227 245 4299 tempus
270 4215 465 4298 nullumque
488 4225 695 4280 momentum
718 4227 778 4280 est.
802 4218 891 4300 quod
916 4237 936 4280 a
958 4214 1126 4280 beneficiis
1157 4214 1311 4297 piaetatis

101 4316 183 4368 tuae
201 4322 345 4368 uacuum
368 4304 599 4386 transigamus.
615 4303 726 4367 Uariis
749 4306 872 4368 etenim
895 4303 1180 4385 sollempnitatum
1196 4301 1311 4364 causis.

529 4510 538 4543 ¹
556 4513 674 4579 Hading
685 4513 790 4563 omitted
802 4513 827 4562 in
839 4514 896 4564 us.
