3046 5092
396 351 508 401 MISSA
531 351 605 400 PRO
627 350 838 402 PETITIONE
863 352 1125 405 LACRIMARUM
1309 365 1358 419 259

693 505 829 570 Secreta.

201 618 264 680 Per
278 616 338 680 lias
350 616 534 681 oblationes
544 637 723 698 quesumus
738 618 880 680 domine.
892 626 928 680 ut
943 637 1010 681 non
1022 617 1129 680 solum
1140 618 1243 681 oculis
1254 618 1360 682 insun-

155 705 224 769 das.
241 705 299 767 sed
315 714 349 767 et
365 704 454 767 cordi
471 713 584 767 nostro
607 704 745 767 nimium
770 715 980 785 peccatorum
1004 704 1129 768 luctum
1153 704 1285 768 tribuas.
1303 726 1361 787 per

155 792 329 855 dominum
347 801 505 854 nostrum.

666 902 846 981 Praefatio.

200 1015 251 1078 (D
268 1024 400 1077 aeterne
416 1014 504 1077 deus.
552 1014 736 1077 Audientes
753 1015 855 1077 diuini
872 1016 1033 1077 sermonis
1049 1035 1166 1077 sonum
1183 1015 1358 1078 dicentem.

157 1102 252 1164 Beati
278 1103 334 1182 qui
365 1101 479 1182 lugent
504 1121 599 1163 nunc.
624 1102 781 1182 quoniam
810 1102 871 1183 ipsi
902 1102 1167 1164 consolabuntur.
1215 1102 1358 1165 Multum

157 1197 272 1251 nostra
288 1187 363 1250 llere
388 1197 525 1270 peccata
551 1187 785 1251 desideramus.
801 1189 858 1251 sed
887 1209 952 1250 non
981 1199 1119 1271 possunt
1144 1188 1229 1251 oculi
1256 1190 1358 1251 nostri

156 1273 287 1357 lapidei.
303 1285 336 1338 et
352 1285 486 1357 propter
501 1274 609 1337 cordis
619 1275 721 1337 nostri
738 1275 902 1337 duritiam.
917 1275 1086 1337 lacrimare
1097 1295 1163 1337 non
1180 1278 1357 1338 ualeamus

156 1361 241 1424 ldeo
257 1381 411 1443 rogamus
427 1371 460 1424 te
475 1361 610 1423 domine
622 1371 658 1424 ut
674 1361 799 1423 fontem
816 1360 955 1425 duritiae
971 1363 1078 1425 cordis
1095 1363 1205 1424 nostri.
1216 1363 1358 1444 primum

155 1468 216 1530 per
238 1448 478 1529 poenitentiam
499 1445 674 1521 emollies.†
693 1459 728 1510 et
752 1449 965 1529 postmodum
990 1470 1048 1530 per
1070 1448 1194 1511 donum
1219 1447 1359 1530 [gratiae

155 1543 234 1597 tuae
251 1534 396 1597 flamma¹
410 1534 618 1596 lacrimarum
636 1536 755 1596 nostris
771 1535 874 1597 oculis
890 1534 1026 1617 largitor
1039 1534 1182 1597 infunde.
1199 1534 1254 1616 [so.
1270 1538 1358 1614 187v.

155 1642 215 1703 per
231 1620 397 1683 christum.

611 1733 674 1794 Ad
684 1732 907 1814 complendum.

200 1843 347 1925 Corpore
363 1852 396 1906 et
412 1845 572 1926 sanguine
587 1854 646 1907 tuo
662 1845 797 1907 domine
819 1844 900 1908 deus
919 1845 1037 1907 satiati.
1054 1864 1232 1925 quesumus
1249 1854 1285 1907 ut
1301 1866 1361 1926 pro

157 1930 279 1994 nostris
305 1950 436 2013 semper
451 1932 602 2013 peccatis,
620 1932 715 1993 nobis
742 1932 1020 2012 conpunctionem
1045 1932 1153 1994 cordis
1177 1940 1210 1993 et
1235 1931 1360 1994 luctum

156 2016 360 2098 fluminaque
391 2017 496 2080 multa
519 2017 726 2080 lacrimarum
755 2018 908 2100 largiaris
933 2019 1088 2098 quatinus
1123 2018 1299 2080 caelestem
1328 2020 1360 2079 in

157 2103 267 2167 futuro
279 2103 540 2167 consolationem
558 2123 749 2166 mereamur.
767 2125 832 2186 per.

397 2309 513 2372 M1sss
538 2323 607 2372 ruo
632 2310 833 2372 Perrrrouu
857 2308 1125 2372 anurnmuuur.

201 2434 426 2518 Omnipotens
444 2436 616 2498 mitissime
626 2437 715 2498 deus.
726 2436 782 2516 qui
799 2436 921 2498 sitienti
938 2436 1061 2518 populo
1078 2436 1203 2499 sontem
1220 2435 1362 2498 uiuentis

159 2542 265 2603 aquae
276 2523 318 2585 de
328 2532 422 2604 petra
438 2522 634 2603 produxisti.
651 2524 734 2585 educ
750 2523 793 2585 de
805 2524 912 2585 cordis
929 2524 1032 2585 nostri
1048 2522 1169 2586 duritia
1185 2542 1362 2603 compunc-

158 2611 257 2672 tionis
274 2609 433 2671 lacrimas.
444 2619 479 2671 ut
492 2619 629 2691 peccata
639 2619 751 2672 nostra
767 2609 923 2691 plangere
933 2609 1110 2672 ualeamus.
1122 2610 1362 2672 remissionem-

158 2716 222 2777 que
238 2705 272 2758 te
289 2696 466 2758 miserante
483 2715 666 2758 mereamur
681 2697 837 2777 accipere.
854 2717 912 2777 per
927 2697 1109 2758 dominum.

695 2834 831 2895 Secreta.

205 2944 304 3007 Hanc
330 2945 430 3024 igitur
455 2944 658 3006 oblationem
686 2965 865 3025 quesumus
890 2944 1025 3006 domine
1052 2945 1133 3007 deus
1159 2965 1259 3025 quam
1285 2955 1361 3006 tuae

161 3031 325 3093 maiestati
336 3050 396 3111 pro
408 3031 552 3112 peccatis
565 3032 684 3094 nostris
697 3031 862 3093 offerimus
879 3032 1040 3113 propitius
1051 3033 1181 3114 respice.
1193 3044 1225 3094 et
1237 3032 1361 3113 produc

160 3118 202 3180 de
216 3116 322 3179 oculis
339 3118 458 3179 nostris
475 3117 683 3179 lacrimarum
700 3117 844 3180 flumina.
863 3119 983 3198 quibus
1011 3117 1123 3181 debita
1152 3118 1359 3180 flammarum

161 3205 313 3267 incendia
328 3203 461 3267 ualeant
477 3204 637 3286 extingui.
654 3225 713 3286 per
727 3205 910 3266 dominum.

663 3333 843 3412 Praefattb.

204 3445 254 3508 (θ
283 3464 342 3526 per
371 3444 528 3507 christum
559 3446 731 3507 dominum
764 3455 921 3510 nostrum.
967 3444 1032 3527 Qui
1064 3444 1199 3508 beatum
1231 3455 1360 3526 petrum

162 3531 348 3613 apostolum
372 3532 504 3612 pietatis
526 3533 672 3613 respexit
694 3533 821 3594 intuitu.
846 3542 881 3593 ut
905 3533 1010 3594 trinae
1035 3532 1220 3613 negationis
1246 3552 1360 3612 pecca-

164 3626 243 3681 tum.
260 3618 473 3680 amarissimis
489 3618 629 3681 dilueret
646 3619 796 3680 lacrimis,
819 3640 877 3700 per
893 3618 1089 3680 inlusionem
1108 3620 1212 3680 sancti
1229 3619 1361 3699 spiritus

166 3724 222 3784 pro
245 3714 456 3786 peccatorum
481 3713 666 3767 nostrorum
691 3706 836 3786 pondere
860 3705 1010 3767 lacrimas
1034 3704 1128 3767 nobis
1150 3706 1230 3766 elice
1247 3706 1359 3786 poeni-

166 3791 293 3854 tentiae.
343 3790 391 3854 Ut
415 3810 526 3853 amare
550 3789 739 3853 defleamus.
763 3812 848 3872 quae
873 3793 983 3873 inique
1006 3792 1175 3873 gessimus.
1199 3802 1361 3872 quatenus

167 3875 347 3939 fructuosus
367 3878 399 3938 in
419 3886 597 3959 conspectu
619 3878 751 3960 pietatis
767 3888 843 3941 tuae
860 3888 991 3941 nostrae
1007 3879 1174 3959 petitionis
1190 3879 1360 3959 perueniat

167 3961 308 4026 affectus.
324 3964 440 4044 Atque
455 3984 514 4046 per
528 3984 604 4026 eum
621 3963 716 4027 nobis
734 3966 866 4027 ueniam
882 3985 1012 4047 sperare
1029 3964 1133 4027 liceat.
1149 3965 1205 4044 qui
1221 3963 1360 4026 traditus

166 4058 212 4112 est
232 4071 294 4133 pro
317 4049 446 4112 delictis
468 4051 595 4113 nostris.
619 4061 655 4113 ut
682 4051 857 4114 redimeret
878 4050 953 4134 ,snos
977 4052 1008 4113 in
1035 4052 1194 4132 sanguine
1217 4050 1271 4132 [s0.
1294 4053 1360 4112 188.

167 4154 222 4199 suo
237 4136 379 4199 christus
395 4136 540 4198 saluator
555 4147 667 4199 noster
682 4158 780 4218 quern
798 4138 941 4201 laudant.

615 4273 677 4336 Ad
687 4274 911 4355 complendum.

205 4382 412 4449 Sacrificium
428 4384 517 4466 quod
533 4394 610 4448 tuae
625 4385 761 4449 domine
775 4385 856 4448 deus
872 4385 1058 4461 obtilimus†
1073 4386 1197 4468 pietati.
1213 4384 1308 4448 nobis
1320 4384 1363 4447 ad

521 4517 530 4550 ¹
547 4522 583 4571 So
594 4520 650 4571 MS.
665 4522 786 4585 probably
797 4521 964 4586 iorflmrer'na.

1172 4601 1189 4646 S
1215 4603 1232 4646 2
