3046 5092
672 370 876 424 commu.

170 587 252 637 atissa
262 587 295 638 de
307 586 457 637 mortalitate
469 584 598 637 hominum

170 668 252 718 Missa
263 686 306 734 pro
318 679 387 734 peste
397 669 544 719 animalium

169 750 251 801 Missa
262 753 288 801 in
300 760 411 816 tempore
424 752 484 801 belli
658 786 675 800 ..

169 834 349 884 Misacontra
362 834 524 899 obloquentes
754 867 771 881 ..
950 868 977 882 ..
1158 872 1174 883 ..

169 916 452 966 Missacontraiudices
463 915 642 979 maleagentes
1059 951 1065 964 .

169 998 250 1046 Misso
261 1007 347 1047 contra
358 1013 468 1062 paganos
656 1032 673 1045 ..
765 1032 781 1044 ..
862 1030 869 1044 .
950 1032 966 1044 ..

170 1079 250 1128 Missa
262 1080 287 1128 in
300 1080 502 1130 contentionibus

169 1162 250 1211 Mieza
262 1178 306 1226 pro
317 1162 450 1211 concordia
461 1161 563 1210 stultum
1254 1202 1271 1215 ,,

170 1244 249 1293 Missa
261 1260 305 1308 pro
316 1243 381 1293 same
392 1260 422 1293 ac
434 1243 577 1307 pestilentia
1146 1280 1152 1293 .
1168 1281 1174 1294 .

171 1325 603 1390 Missaadsponsasbenedicendas
1146 1362 1162 1375 ..

169 1407 257 1457 Oratio
269 1424 342 1472 super
352 1406 582 1471 poenitentem...in
595 1404 684 1469 capite
696 1403 788 1454 Ieiunii
1146 1443 1152 1456 .
1168 1445 1173 1457 .

168 1488 298 1540 Oratioad
311 1490 522 1538 reconciliandum
535 1486 765 1551 poenitentem...in
778 1486 864 1536 Coena
875 1485 980 1535 Domini
1244 1529 1249 1540 ,

168 1571 210 1620 Ad
223 1572 451 1621 reconciliationem
464 1570 614 1634 poenitentis
624 1569 657 1618 ad
669 1576 773 1618 mortem

168 1654 210 1704 Ad
223 1654 339 1704 clericum
351 1654 493 1702 faciendum
863 1688 869 1700 .
1048 1690 1064 1700 ..

168 1735 258 1785 Oratio
268 1737 301 1785 ad
313 1735 485 1799 capillaturam

168 1817 258 1867 Oratio
268 1819 300 1867 ad
312 1816 587 1866 barbastondendas...
1242 1856 1247 1867 .
1263 1856 1270 1868 .

167 1898 316 1949 Benedictio
326 1899 432 1948 vestium
443 1898 545 1962 virginis
556 1895 595 1946 vel
606 1895 696 1946 viduae
947 1933 953 1946 .

167 1980 329 2031 consecratio
339 1980 442 2045 virginis
655 2015 682 2028 ..
1154 2019 1160 2030 .

169 2062 370 2112 Missaeiusdem
557 2098 584 2112 ..
676 2097 682 2110 .
1057 2099 1073 2109 ..

166 2144 416 2194 Benedictioviduee
1046 2181 1073 2193 ..
1252 2185 1258 2196 ,

168 2227 369 2277 Misuaeiusdem
566 2262 583 2276 ..
850 2261 876 2274 ..
1046 2262 1061 2274 ..
1143 2263 1160 2276 ..

167 2308 256 2360 Oratio
265 2309 297 2359 ad
312 2309 488 2358 mandatum...

166 2389 509 2455 Benedictiosalisetaquae
850 2423 878 2440 ...

166 2472 255 2524 Oratio
266 2474 291 2522 in
304 2473 488 2524 dormitorio...
958 2507 974 2520 ..

164 2554 388 2605 luteiectorio..
566 2590 583 2604 ..
664 2590 681 2603 ..
849 2589 865 2602 ..
946 2589 973 2602 ..

165 2635 390 2701 Inscriptorio...

164 2718 315 2783 Incoquina
750 2753 765 2764 ..
858 2753 874 2764 ..
1041 2753 1069 2765 ..

164 2801 315 2850 intardario
1042 2833 1058 2848 ..

164 2883 308 2933 Incellario

162 2965 194 3016 In
207 2965 282 3014 domo
292 2963 447 3013 infirmorum
856 2998 861 3010 .

162 3046 386 3096 Inoeminata...
846 3079 873 3091 ..

163 3127 323 3192 Inhospitali

160 3291 321 3356 Ingranario
553 3327 568 3338 ..
844 3323 861 3336 ··

159 3373 310 3438 Inpistrino

159 3455 203 3506 Ad
215 3456 343 3505 introitum
354 3462 481 3519 portae

159 3534 519 3588 Benedictiolactisetmellis
1137 3573 1165 3585 ..

158 3619 307 3669 Benedictio
318 3619 411 3669 fructus
424 3617 482 3667 novi
1245 3657 1250 3668 .

157 3700 379 3751 Benedictiouvne
745 3733 771 3747 ..
1135 3738 1151 3749 ..

157 3782 390 3846 Benedictiopanis
649 3817 664 3829 ..
1038 3816 1065 3828 ..
1148 3819 1163 3828 ..

156 3862 411 3914 Benedictioincensi
453 3900 481 3916 ...

156 3944 307 3995 Benedictio
317 3947 433 3995 arborum
757 3980 773 3991 ..
854 3979 870 3990 .·

156 4027 477 4092 Benedictiopomorum...
851 4060 868 4072 ··
938 4060 954 4072 ·-

156 4109 304 4159 Benedictio
314 4110 347 4157 ad
359 4109 443 4157 omnia
454 4123 518 4173 quae
528 4106 634 4156 volueris
1234 4147 1250 4160 ..

155 4189 385 4254 Benedictioputei
647 4225 675 4238 ..
952 4224 968 4236 ..

156 4271 304 4322 Benedictio
315 4288 388 4335 super
399 4271 493 4320 fontem
505 4271 548 4319 ubi
559 4270 642 4334 aliqua
653 4268 806 4334 negligentia
815 4268 948 4333 eontigerit

156 4353 244 4404 Ontio
255 4369 328 4417 super
338 4369 396 4401 vasa
408 4354 433 4401 in
447 4352 508 4402 locis
519 4353 628 4417 antiquis
640 4360 774 4416 reperta
1051 4389 1067 4401 ..
1138 4391 1153 4403 ..
1256 4393 1262 4404 .

155 4434 418 4484 Benedictioseminis

157 4514 274 4567 Probetio
284 4516 436 4566 novitiorum
843 4550 850 4562 .
865 4551 870 4562 .
952 4552 968 4564 ..
