3046 5092
415 330 501 383 NAT.
530 332 682 383 DOMINI.
727 331 839 383 MANE
863 334 993 383 PRIMA.

612 540 795 617 Praefatio.

151 668 200 732 (D
225 677 379 731 aeternae
401 669 491 731 deus.
529 665 618 750 Quia
634 687 692 749 per
708 667 868 730 incarnati
893 666 983 730 uerbi
1001 667 1196 748 mysterium
1214 687 1302 731 noua

105 756 226 817 mentis
260 764 392 817 nostrae
428 755 531 817 oculis
568 755 626 817 lux
665 764 742 816 tuae
778 753 936 817 claritatis
974 753 1108 818 infulsit.
1147 765 1182 818 ut
1219 757 1298 818 dun.

104 842 277 904 uisibiliter
313 843 412 904 deum
443 842 682 924 cognoscimus.
713 862 772 924 per
812 841 899 904 hunc
935 841 1148 904 inuisibilium
1186 863 1300 906 amore

104 929 279 1009 rapiamur.
296 938 329 992 et
345 929 420 992 ideo
435 948 511 991 cum
528 928 661 1008 angelis.

557 1087 657 1167 Infra
682 1088 844 1150 actionem.

147 1211 441 1276 Communicantes
464 1222 498 1275 et
528 1223 659 1275 noctem
690 1213 947 1275 sacratissimam
972 1212 1206 1275 caelebrantes.
1230 1234 1297 1295 qua

102 1299 220 1362 beatae
259 1301 382 1362 mariae
427 1301 622 1362 intemerata
672 1300 851 1381 uirginitas.
896 1300 971 1362 huic
1017 1301 1141 1362 mundo
1193 1301 1298 1364 edidit

101 1387 311 1450 saluatorem.
358 1386 424 1451 Sed
462 1397 496 1449 et
527 1386 721 1466 memoriam
745 1397 940 1449 uenerantes
963 1386 1109 1449 eiusdem
1134 1386 1297 1467 gloriosae

100 1492 233 1555 semper
262 1474 398 1554 uirginis
422 1474 545 1536 mariae
575 1473 741 1554 genitricis
771 1474 825 1536 dei
855 1484 889 1536 et
919 1473 1045 1535 domini
1080 1475 1184 1536 nostri
1226 1475 1295 1536 iesu

100 1559 221 1623 christi.
238 1562 296 1624 sed
312 1570 346 1624 et
362 1560 534 1624 beatorum
547 1559 782 1641 apostolorum.

548 1722 609 1786 Ad
619 1721 844 1803 complendum.

145 1848 200 1911 Da
223 1848 318 1912 nobis
340 1867 520 1930 quesumus
542 1848 676 1910 domine
699 1847 781 1910 deus
805 1856 923 1909 noster.
947 1846 1061 1928 utqui
1086 1848 1294 1910 natiuitatem

101 1934 228 1997 domini
262 1937 365 1997 nostri
407 1936 476 1997 iesu
507 1934 618 1997 christi
649 1953 710 1995 nos
742 1932 948 2014 frequentare
978 1935 1163 2015 gaudemus
1186 1935 1295 2015 dignis

99 2022 407 2085 conuersationibus
430 2023 473 2084 ad
496 2022 566 2083 eius
590 2040 774 2083 mereamur
803 2021 967 2102 pertinere
996 2023 1208 2084 consortium.
1239 2021 1295 2102 qui

99 2116 221 2171 tecum.

288 2308 407 2372 Maus
431 2321 549 2371 amun
572 2322 623 2371 sn
647 2320 822 2371 sanemus
845 2307 1101 2372 Aunsnnsmu.

143 2444 199 2507 Da
227 2465 407 2527 quesumus
444 2445 656 2527 omnipotens
693 2445 774 2507 dcus
811 2452 848 2506 ut
884 2445 941 2526 qui
977 2443 1075 2522 beate
1112 2445 1299 2508 anastasiae

100 2533 255 2613 martyris
291 2542 369 2595 tuae
406 2532 603 2614 sollempnia
639 2531 787 2595 colimus.
824 2531 894 2593 eius
924 2533 1013 2613 apud
1044 2542 1077 2595 te
1115 2532 1298 2614 patrocinia

96 2620 288 2682 sentiamus.
301 2639 370 2701 per.

650 2746 743 2809 Alia.

143 2872 199 2936 Da
214 2892 395 2954 quesumus
410 2871 622 2955 omnipotens
638 2872 719 2934 deus
735 2879 771 2933 ut
787 2869 844 2953 qui
860 2891 949 2934 noua
964 2870 1124 2934 incarnati
1142 2871 1231 2934 uerbi
1249 2872 1297 2936 tui

97 2960 171 3023 luce
186 2958 417 3042 perfundimur
431 2958 494 3022 hoc
511 2959 543 3021 in
560 2972 673 3021 nostro
685 2957 895 3040 resplendeat
904 2978 1013 3039 opere.
1028 2960 1117 3040 quod
1129 2980 1186 3041 per
1197 2958 1296 3023 fidem

97 3046 206 3129 fulget
221 3045 254 3109 in
271 3056 392 3110 mente.
408 3066 468 3129 per
482 3045 633 3110 eundem.

586 3194 693 3276 Super
705 3194 820 3258 oblata.

142 3320 271 3403 Accipe
285 3339 465 3402 quesumus
476 3316 611 3382 domine
628 3319 951 3400 muneradignanter
961 3316 1096 3403 loblata.
1124 3328 1157 3381 et
1173 3318 1228 3400 [fo.
1246 3335 1295 3396 32.

96 3409 217 3471 beatae
258 3407 444 3470 anastasiae
481 3405 739 3486 suffragantibus
771 3406 904 3468 meritis,
935 3405 977 3468 ad
1008 3416 1141 3469 nostrae
1179 3404 1295 3470 salutis

95 3494 261 3559 auxilium
278 3493 454 3575 prouenire
465 3492 618 3555 concede.
630 3512 689 3574 per
698 3493 871 3555 dominum
888 3504 1046 3556 nostrum.

631 3652 767 3717 Secreta.

142 3779 284 3843 Munera
315 3788 429 3842 nostra
474 3798 655 3862 quesumus
698 3778 833 3840 domine
885 3777 1070 3840 natiuitatis
1114 3778 1295 3842 hodiernae

96 3868 264 3948 mysteriis
287 3876 368 3949 apta
382 3868 588 3948 proueniant.
612 3874 649 3928 ut
671 3865 756 3927 sicut
777 3864 879 3928 homo
901 3866 1033 3946 genitus
1056 3865 1144 3927 idem
1169 3865 1294 3930 refulsit

94 3955 189 4017 deus.
204 3955 251 4015 sic
274 3951 371 4015 nobis
393 3953 474 4017 haec
496 3965 628 4016 terrena
650 3951 836 4015 substantia
859 3951 1007 4015 conferat
1029 3951 1119 4033 quod
1142 3953 1292 4015 diuinum

93 4050 154 4104 est
167 4060 228 4121 per
242 4042 394 4104 eundem.

607 4174 788 4258 Praesattii.

138 4305 191 4370 ff>
213 4314 370 4368 aeternae
392 4304 482 4367 deus.
529 4300 596 4385 Qui
617 4312 655 4366 ut
677 4303 719 4366 de
741 4302 838 4365 hoste
867 4299 997 4383 generis
1028 4301 1165 4365 humani
1191 4303 1295 4366 maior

92 4390 234 4456 uictoria
256 4393 439 4455 duceretur.
462 4410 529 4453 non
553 4389 660 4452 solum
682 4410 741 4472 per
763 4390 850 4451 uiros
874 4390 1030 4452 uirtutem
1055 4391 1210 4471 martyrii.
1235 4391 1293 4454 sed

92 4481 136 4543 de
151 4499 194 4542 eo
208 4479 310 4541 etiam
327 4498 387 4560 per
401 4476 541 4541 feminas
557 4477 778 4558 triumphasti.
794 4485 828 4541 et
844 4475 927 4540 iden.

134 4568 333 4644 Juuracas.
1139 4576 1162 4626 n
