3046 5092
602 352 715 401 MISSA
737 351 811 401 PRO
832 350 942 401 REGE.

620 528 728 611 Super
733 529 896 611 populum.

201 642 228 703 F
229 662 268 704 ac
284 661 345 704 nos
360 642 495 705 domine
509 661 688 723 quesumus
704 650 839 704 sanctae
856 640 978 703 mariae
989 659 1120 721 semper
1135 638 1270 719 uirginis
1286 635 1363 698 sub·

156 729 248 791 sidiis
264 729 380 792 attolli.
397 739 430 792 et
455 729 599 811 gloriosa
614 729 785 791 beatarum
810 728 959 790 omnium
984 726 1175 788 caelestium
1203 725 1361 787 uirtutum

154 825 188 877 et
197 826 386 879 sanctorum
399 816 657 897 patriarcharum
668 814 912 897 prophetarum.
923 812 1157 895 apostolorum.
1171 821 1363 891 martyrum.

155 901 381 965 confessorum
397 903 570 985 uirginum.
586 903 802 983 omniumque
825 900 923 963 simul
946 910 1134 962 sanctorum
1159 898 1362 981 protectione

156 987 299 1051 delendi.
316 999 352 1051 ut
367 991 446 1051 dum
463 1009 576 1051 eorum
593 989 714 1070 pariter
729 989 850 1052 cotidie
867 987 1060 1050 memoriam
1085 985 1231 1048 facimus.
1247 1003 1360 1046 eorum

155 1078 277 1156 pariter
306 1076 427 1138 cotidie
457 1075 500 1138 ab
526 1076 680 1138 omnibus
715 1075 863 1138 aduersis
902 1083 1116 1156 protegamur
1141 1072 1275 1134 auxilio.
1303 1090 1362 1152 per

154 1161 336 1224 dominum.

649 1369 742 1431 lusu
767 1368 873 1431 Anni.

199 1494 354 1559 Concede
369 1516 548 1577 quesumus
563 1498 773 1579 omnipotens
789 1499 878 1560 deus.
895 1508 931 1561 ut
948 1497 1136 1559 intercessio
1152 1516 1212 1558 nos
1228 1504 1362 1557 sanctae

156 1583 209 1646 dei
225 1583 391 1664 genitricis
408 1585 539 1646 mariae.
556 1595 811 1665 sanctorumque
826 1586 975 1648 omnium
991 1583 1218 1665 apostolorum
1236 1592 1361 1663 marty-

156 1689 227 1731 rum
245 1668 469 1732 consessorum
481 1680 515 1733 et
530 1672 693 1753 uirginum
704 1681 738 1734 et
747 1673 896 1734 omnium
907 1672 1085 1734 electorum
1098 1680 1229 1732 tuorum
1240 1668 1362 1749 ubique

155 1755 317 1819 laetificet.
334 1765 370 1818 ut
388 1757 468 1819 dum
491 1777 605 1820 eorum
627 1755 761 1839 [merita
784 1759 965 1821 recolimus
982 1757 1164 1839 patrocinia
1192 1756 1359 1839 [lo.180v.

154 1844 342 1905 sentiamus.
360 1863 425 1925 per.

689 1963 828 2027 Secreta.

200 2072 332 2137 Oblatis
348 2075 483 2138 domine
505 2075 636 2159 placare
653 2077 843 2140 muneribus
858 2087 891 2140 et
908 2076 1184 2139 intercedentibus
1207 2075 1362 2138 omnibus

155 2162 277 2224 sanctis
294 2163 366 2224 tuis.
383 2183 402 2224 a
418 2164 543 2225 cunctis
559 2183 619 2227 nos
634 2163 775 2227 defende
792 2164 951 2246 periculis.
968 2184 1027 2244 per
1041 2162 1223 2227 dominum.

608 2329 671 2391 Ad
680 2329 906 2410 complendum.

200 2438 412 2520 Sumpsimus
428 2439 562 2502 domine
578 2451 767 2503 sanctorum
785 2452 916 2504 tuorum
930 2441 1126 2522 sollempnia
1136 2439 1362 2502 caelebrantes

156 2535 362 2588 sacramenta
371 2525 533 2588 caelestia.
546 2537 677 2608 praesta
692 2548 871 2608 quesumus
887 2538 923 2590 ut
938 2529 1027 2608 quod
1044 2526 1269 2609 temporaliter
1278 2525 1361 2606 geri·

159 2632 237 2674 mus.
253 2613 395 2674 aeternis
411 2614 541 2694 gaudiis
557 2634 806 2694 consequamur.
824 2635 882 2697 per
897 2616 1069 2678 dominum
1087 2623 1244 2676 nostrum.

590 2832 706 2895 Musa
730 2847 800 2896 nuo
824 2832 937 2895 Ruuu.

198 2955 389 3039 Quesumus
404 2960 616 3041 omnipotens
631 2962 713 3023 deus
729 2969 764 3023 ut
781 2959 923 3023 famulus
938 2970 1015 3023 tuus
1032 2981 1090 3022 rex
1108 2969 1221 3022 noster
1232 2960 1287 3040 qui
1303 2968 1360 3021 tua

160 3045 365 3107 miseratione
381 3047 524 3128 suscepit
547 3047 638 3128 regni
661 3047 891 3129 gubernacula.
907 3048 1065 3110 uirtutum
1089 3048 1189 3109 etiam
1213 3047 1361 3108 omnium

160 3132 315 3212 percipiat
327 3132 538 3195 incrementa.
551 3133 669 3214 quibus
679 3134 834 3196 decenter
846 3145 989 3196 omatus.
1001 3144 1035 3195 et
1047 3134 1202 3196 uitiomm
1216 3143 1363 3194 monstra

160 3215 302 3280 deuitare
317 3227 351 3280 et
366 3218 496 3282 hostem
513 3241 674 3301 superare.
691 3231 725 3283 et
749 3221 791 3283 ad
817 3230 850 3282 te
874 3221 929 3301 qui
958 3221 1012 3282 uia
1036 3221 1157 3283 ueritas
1185 3231 1218 3282 et
1242 3220 1311 3281 uita
1326 3239 1362 3280 es

160 3305 318 3383 gratiosus
334 3306 443 3368 ualeat
458 3307 637 3387 peruenire.
653 3328 719 3388 per.

692 3444 828 3507 Secreta.

200 3551 341 3616 Munera
356 3555 491 3617 domine
506 3574 685 3635 quesumus
701 3555 814 3618 oblata
829 3555 1006 3618 sanctifica.
1024 3565 1059 3617 ut
1072 3565 1104 3617 et
1117 3557 1188 3617 nos¹
1202 3556 1361 3636 unigeniti

162 3639 202 3699 tui
228 3659 348 3721 corpus
371 3653 404 3703 et
428 3642 562 3723 sanguis
585 3639 665 3704 liant
680 3651 713 3704 et
730 3643 796 3724 regi
814 3653 926 3704 nostro
942 3642 984 3704 ad
1001 3643 1216 3724 optinendam
1233 3643 1364 3703 animae

163 3727 368 3807 corporisque
383 3728 533 3790 salutem.
550 3737 583 3790 et
599 3731 824 3810 peragendum
842 3730 1023 3791 iniunctum
1040 3728 1185 3791 officium
1209 3740 1242 3790 te
1265 3728 1361 3809 largi·

165 3821 231 3874 ente
247 3833 484 3895 usquequaque
500 3813 680 3896 proficiant.
697 3835 756 3897 per
770 3816 943 3877 dominum
961 3824 1118 3877 nostrum.

610 3969 673 4031 Ad
682 3970 907 4051 complendmu.

202 4077 295 4140 Haec
312 4078 447 4142 domine
470 4081 575 4143 oratio
598 4080 749 4143 salutaris
776 4081 936 4144 famulum
961 4093 1053 4145 tuum
1078 4101 1188 4162 regem
1213 4091 1360 4142 nostrum

161 4162 198 4224 ab
221 4165 377 4227 omnibus
402 4176 531 4229 tueatur
557 4167 704 4229 aduersis
734 4170 887 4249 quatinus
917 4179 950 4230 et
981 4168 1241 4231 aecclesiasticae
1272 4168 1362 4248 pacis

160 4249 303 4313 obtineat
319 4253 589 4332 tranquillitatem
606 4265 639 4316 et
655 4255 747 4316 istius
757 4256 915 4336 temporis
927 4253 1119 4326 decursuml
1134 4254 1176 4315 ad
1193 4263 1360 4316 aeternam

160 4338 327 4414 perueniat
342 4338 567 4403 hereditatem.
584 4360 642 4422 per
658 4341 830 4403 dominum
847 4352 1004 4405 nostrum.

673 4499 681 4531 ¹
698 4502 749 4551 For
760 4504 835 4551 nobr's.
