3046 5092
467 348 523 396 DE
550 347 707 399 COMPUT
706 349 727 397 0
753 348 1051 398 ECCLESIASTICO.
1331 359 1363 409 43

159 497 192 560 ἰη
220 518 309 562 anno
339 501 475 581 positus.
507 501 540 562 in
562 521 584 562 v
607 500 687 562 locis
725 501 908 563 secundum
946 521 1072 583 grecos.
1097 501 1129 562 in
1153 499 1364 581 aequinoctio

157 586 285 648 uernali
316 586 379 650 hoc
409 598 461 650 est
491 587 524 649 in
555 588 604 649 xii
629 586 693 650 kal.
717 607 784 668 apr.
811 588 993 649 secundum
1021 586 1235 649 anatholium.
1264 587 1296 648 in
1325 587 1360 648 ix

158 672 222 735 kal.
247 694 315 756 apr.
338 674 396 737 sed
423 675 455 736 in
483 673 548 736 fine
572 673 659 736 illius
681 674 746 736 diei
773 674 837 736 hoc
863 684 914 736 est
939 675 1024 736 inter
1043 676 1078 736 ix
1106 673 1168 735 kal.
1193 694 1261 755 apr.
1277 674 1362 735 sicut

157 760 308 822 diximus
330 771 364 823 et
386 761 441 823 viii
465 761 530 823 kal.
547 781 614 842 apr.
631 762 814 822 secundum
838 761 1027 824 esiodorum
1052 762 1220 822 bissextus
1242 761 1362 822 dicitur

158 847 190 907 in
216 848 247 908 vi
271 867 347 909 non.
364 857 457 910 mart.
475 857 512 910 ut
539 857 714 930 propterea
741 848 909 910 bissextus
937 848 1099 909 diceretur
1121 848 1216 928 quasi
1232 847 1282 909 bis
1299 866 1360 908 sex

159 952 237 996 non.
268 934 301 995 id
327 943 378 996 est
400 935 432 997 vi
457 955 532 996 non.
559 934 658 996 hodie
674 943 707 997 et
722 935 755 997 vi
772 954 846 996 non.
864 955 943 996 cras.
991 935 1074 997 Inde
1097 935 1260 996 isiodorus
1282 934 1363 996 dicit

158 1018 328 1083 bissextus
354 1021 433 1084 dies
450 1042 470 1083 a
494 1022 525 1082 vi
550 1041 616 1083 non
641 1030 734 1083 mart.
751 1041 855 1101 usque
882 1024 914 1083 in
942 1022 1031 1084 diem
1057 1020 1273 1084 kalendarum
1298 1021 1362 1082 ian.

157 1108 268 1169 cursui
299 1107 396 1170 lunae
426 1110 574 1188 opponit.
621 1107 814 1171 Secundum
845 1109 1020 1190 aegyptios
1050 1118 1162 1169 autem
1194 1107 1362 1169 bissextus

159 1194 193 1255 in
222 1194 255 1256 iii
281 1194 345 1257 kal.
370 1193 531 1275 septemb.
560 1196 695 1276 ponitur
720 1194 784 1257 hoc
808 1202 859 1256 est
884 1195 918 1256 in
948 1193 1013 1256 fine
1037 1195 1123 1256 anni.
1170 1194 1361 1257 Secundum

158 1367 292 1430 habent
308 1369 444 1448 quando
467 1377 578 1430 autem
603 1367 771 1430 bissextus
798 1378 849 1430 est
874 1368 924 1429 iiia
948 1368 1011 1430 kal.
1028 1367 1190 1449 septemb.
1237 1366 1362 1430 Secun-

158 1454 241 1516 dum
258 1474 412 1516 romanos
429 1464 463 1518 et
478 1455 660 1517 secundum
685 1455 917 1517 auctoritatem
942 1455 1010 1517 iulii
1033 1455 1174 1517 caesaris
1192 1452 1362 1516 bissextus

158 1540 192 1602 in
220 1541 252 1602 vi
283 1540 348 1602 kal.
374 1550 467 1602 mart.
493 1543 635 1622 ponitur.
692 1541 730 1603 In
764 1542 933 1604 macrouio
964 1541 1083 1622 legitur
1114 1540 1211 1603 iulius
1250 1561 1363 1603 caesar

157 1733 262 1775 unum
288 1713 520 1777 intercalarent
545 1715 643 1776 diem.
659 1735 700 1777 eo
724 1714 849 1778 scilicet
877 1735 990 1777 mense
1017 1736 1056 1778 ac
1080 1715 1161 1778 loco.
1178 1734 1245 1796 quo
1261 1716 1360 1777 etiam

156 1802 247 1881 apud
275 1811 405 1865 ueteres
428 1801 597 1863 mensibus
618 1799 851 1874 incalabatur.†
867 1802 899 1863 id
927 1811 977 1864 est
997 1812 1075 1864 ante
1098 1823 1118 1862 v
1142 1801 1276 1863 ultimos
1292 1802 1363 1862 dies

158 1885 301 1950 februari
318 1889 441 1951 mensis
465 1888 498 1951 id
522 1900 573 1950 est
596 1908 681 1970 quae
700 1887 886 1952 bissextum
912 1890 1040 1951 censuit
1061 1888 1310 1950 nominandum.
1329 1889 1362 1949 in

157 1973 223 2036 hoc
252 1973 412 2056 exemplo
438 1985 585 2056 apparet.
614 1976 705 2057 quod
733 1975 831 2037 iulius
855 1995 968 2037 caesar
998 1976 1124 2058 primus
1154 1975 1362 2037 bissextilem

156 2061 248 2125 diem
268 2062 463 2125 nominauit.
510 2062 556 2124 Et
572 2071 748 2143 propterea
771 2061 939 2124 bissextus
955 2064 988 2124 in
1004 2063 1036 2124 vi
1053 2061 1116 2124 kal.
1134 2082 1212 2123 mar.
1229 2061 1364 2143 ponitur

157 2148 342 2211 secundum
385 2168 548 2211 romanos.
587 2150 665 2230 quia
710 2150 838 2211 romani
879 2159 1008 2211 ueteres
1046 2149 1244 2231 principium
1284 2148 1362 2209 anni

157 2233 346 2298 habuerunt
368 2255 389 2297 a
414 2235 535 2297 martio
559 2255 680 2312 mense.
728 2235 820 2296 Finis
844 2244 956 2297 autern
984 2237 1061 2297 anni
1089 2245 1140 2297 est
1167 2237 1199 2296 in
1222 2234 1361 2297 februari

159 2341 282 2384 mense.
298 2322 332 2385 id
348 2331 399 2384 est
417 2323 450 2384 in
466 2323 499 2385 vi
516 2321 579 2385 kal.
597 2332 692 2385 mart.
715 2321 761 2383 illi
785 2332 897 2384 autem
921 2323 1068 2404 quinque
1091 2322 1161 2384 dies
1176 2321 1233 2402 qui
1250 2342 1361 2401 super-

157 2417 237 2470 sunt
263 2408 473 2472 intercalares
497 2409 568 2472 dies
599 2409 689 2491 apud
720 2409 875 2490 antiquos
899 2418 1001 2471 erant.
1024 2410 1110 2471 sicut
1141 2409 1242 2471 modo
1273 2408 1362 2489 apud

158 2581 214 2644 De
240 2582 304 2645 boc
327 2583 428 2645 etiam
456 2582 638 2644 ditilicorus
663 2583 840 2663 aegyptius
867 2583 1004 2645 tradidit
1029 2583 1152 2645 dicens
1170 2582 1364 2644 inserendus

157 2679 210 2731 est
233 2668 288 2730 hic
310 2668 381 2731 dies
406 2678 586 2751 antequam
616 2669 753 2750 incipiat
780 2669 916 2749 quintus
940 2690 1055 2731 annus,
1102 2668 1179 2749 Quo
1205 2667 1364 2748 exemplo

159 2754 336 2818 manifeste
352 2754 519 2837 colligitur
533 2757 623 2837 quod
641 2756 674 2817 in
691 2753 756 2817 fine
779 2757 856 2817 anni
873 2755 1054 2819 bissextilis
1071 2757 1142 2818 dies
1159 2756 1237 2836 poni
1253 2755 1361 2816 debet.

157 2861 236 2904 cum
252 2842 340 2904 dixit
363 2851 544 2924 antequam
571 2843 707 2923 quintus
723 2862 829 2904 annus
853 2843 997 2924 incipiat.
1044 2843 1175 2905 Deinde
1196 2843 1278 2903 scire
1303 2860 1363 2902 nos

157 2937 293 3010 oportet
309 2938 471 3010 quantum
487 2928 609 2992 dehoc
625 2930 810 3010 quadrante
825 2927 958 3013 [crescit
974 2931 1006 2992 in
1024 2949 1224 3010 unaquaque
1240 2928 1295 3009 [fo
1314 2944 1363 3005 24.

157 3015 215 3078 die
238 3035 298 3097 per
319 3027 428 3078 totum
446 3036 570 3078 annum
593 3019 639 3078 et¹
663 3026 827 3097 quantum
852 3017 883 3077 in
908 3037 1109 3098 unoquoque
1133 3035 1256 3076 mense.
1273 3024 1306 3076 et
1330 3016 1363 3075 in

157 3121 361 3183 unoquoque
386 3103 440 3165 die
464 3112 616 3165 crescunt
643 3102 731 3165 duae
758 3113 869 3184 partes
897 3104 1066 3165 momenti.
1082 3113 1115 3164 et
1131 3104 1177 3164 sic
1202 3103 1233 3163 in
1258 3101 1363 3162 tribus

157 3189 279 3252 diebus
304 3190 372 3251 duo
397 3198 569 3251 momenta
595 3199 746 3252 crescunt
773 3190 806 3251 in
835 3190 866 3252 vi
894 3189 1011 3251 diebus
1038 3189 1112 3251 iiiior
1128 3196 1306 3251 momenta.
1331 3189 1363 3249 in

158 3363 193 3425 in
210 3382 287 3423 xxx
311 3362 430 3424 diebus
445 3371 479 3424 et
505 3363 538 3424 in
556 3383 580 3424 x
605 3362 694 3424 horis
717 3371 869 3425 crescunt
897 3384 947 3424 xx
974 3373 1150 3425 momenta.
1167 3363 1229 3424 hoc
1255 3370 1305 3422 est
1331 3361 1363 3421 in

157 3469 204 3512 xc
221 3448 339 3512 diebus
366 3457 400 3511 et
427 3469 494 3511 uno
518 3449 573 3511 die
597 3458 631 3512 et
654 3451 687 3511 vi
714 3449 803 3511 horis
828 3451 946 3512 crescit
972 3450 1054 3511 hora
1069 3460 1102 3511 et
1118 3449 1264 3510 dimidia.
1282 3449 1314 3509 in
1331 3447 1362 3509 vi

157 3543 274 3598 autem
299 3535 468 3599 mensibus
500 3536 644 3617 trigenis.
669 3535 733 3598 hoc
759 3544 810 3598 est
837 3536 869 3597 in
896 3536 946 3598 bis
970 3537 1153 3616 nonagenis
1174 3544 1207 3597 et
1233 3534 1364 3596 duobus

157 3623 280 3685 diebus
294 3630 328 3685 et
344 3622 392 3684 xii
416 3621 504 3684 horis
527 3632 680 3684 crescunt
707 3622 767 3684 iiies
782 3622 893 3684 horae.
940 3621 1100 3685 Similiter
1115 3631 1148 3683 et
1164 3623 1196 3683 in
1213 3622 1286 3682 aliis
1302 3642 1363 3683 sex

159 3709 332 3771 mensibus
350 3709 494 3790 trigenis
511 3709 606 3790 quasi
629 3707 769 3771 fuissent
792 3718 843 3771 tot
865 3709 985 3791 trigeni
1001 3719 1034 3772 et
1051 3708 1181 3771 duobus
1198 3707 1314 3770 diebus
1331 3717 1365 3769 et

158 3796 209 3857 xii
240 3794 328 3858 horis
355 3805 506 3859 crescunt
536 3796 621 3858 aliae
650 3805 718 3859 tres
747 3795 856 3858 horae.
880 3807 913 3858 et
943 3797 989 3858 sic
1020 3805 1171 3857 crescunt
1201 3796 1233 3857 vi
1264 3794 1365 3857 horae

157 3882 363 3963 quadrantis.
393 3881 457 3945 hoc
493 3891 544 3945 est
574 3881 741 3964 quadrans
771 3881 836 3944 diei
868 3882 1026 3945 naturalis
1065 3883 1188 3944 crescit.
1220 3902 1279 3962 per
1315 3881 1364 3942 xii

159 3988 300 4031 menses.
324 3968 387 4030 hoc
414 3977 465 4032 est
491 3989 550 4052 per
573 3988 846 4050 unumquemque
876 3989 1010 4031 annum.
1035 3969 1077 4030 de
1104 3969 1177 4030 iiii0r
1201 3969 1304 4030 annis.
1331 3979 1365 4029 et

155 4230 338 4313 perueniet

203 4316 268 4378 Pro
279 4310 389 4397 quodi
401 4315 521 4378 dicitur
536 4316 674 4379 martius
684 4337 713 4379 v.

205 4401 303 4467 Unus
321 4420 430 4465 annus
452 4401 553 4466 habet
573 4404 644 4465 dies
663 4402 788 4466 ccclxv.
805 4403 895 4484 ipsos
916 4401 1029 4465 diuide
1046 4422 1105 4483 per
1120 4403 1209 4464 xiiam
1226 4412 1365 4484 partem.

455 4523 464 4559 ¹
481 4529 511 4578 in
521 4528 620 4579 written
631 4527 716 4578 before
727 4536 853 4594 weretune
865 4531 910 4579 but
921 4529 1062 4594 expunged.
