3046 5092
428 347 479 400 XI.
506 347 591 399 KAL.
621 348 699 399 OCT.
726 348 813 401 ΝΑΤ.
840 349 868 400 S.
895 350 1057 402 MATHEI.
1304 364 1353 417 213

685 521 825 591 Secreta.

198 633 334 697 Praesta
357 654 537 716 quesumus
553 635 689 698 domine
711 636 794 699 deus
818 647 938 700 noster.
962 647 999 700 ut
1021 637 1107 700 sicut
1131 638 1163 700 in
1189 648 1248 702 tuo
1275 660 1352 702 con-

154 732 270 802 spectu
287 742 375 784 mors
390 736 441 784 est
456 722 623 805 praetiosa
645 732 844 786 sanctorum.
862 725 909 786 ita
931 744 1044 787 eorum
1062 726 1180 788 merita
1195 746 1354 789 ueneran-

155 810 238 872 tium
255 817 393 891 accepta
408 808 468 871 tibi
484 809 643 872 reddatur
657 809 792 872 oblatio.
809 831 875 891 per.

609 947 641 1009 Α
645 946 672 1008 α’
682 946 908 1027 corrrplendum.

199 1055 392 1120 Sanctificet
415 1076 476 1119 nos
491 1057 627 1120 domine
653 1077 834 1139 quesumus
860 1059 908 1122 tui
936 1061 1105 1141 perceptio
1131 1061 1355 1136 sacramenta†

154 1154 189 1206 et
204 1143 396 1205 intercessio
411 1144 528 1206 beatae
545 1146 700 1226 martyris
716 1154 794 1207 tuae
809 1145 971 1208 eufemiae
987 1147 1046 1210 tibi
1063 1147 1181 1211 reddat
1191 1159 1345 1231 acceptos

155 1250 214 1312 per
227 1230 401 1294 dominum
418 1239 576 1294 nostrum.

178 1445 316 1508 Eooan
343 1445 414 1507 Dm
436 1444 593 1508 Names
618 1445 855 1509 Sancronulr
879 1446 1023 1509 Lucme
1047 1460 1094 1508 aa
1112 1447 1333 1511 Gaummrn.

201 1574 336 1638 Praesta
351 1594 531 1655 quesumus
549 1574 685 1636 domine
707 1575 880 1657 praecibus
904 1575 1024 1636 nostris
1048 1595 1123 1638 cum
1146 1576 1355 1638 exultatione

159 1672 363 1743 prouectum.
410 1671 446 1723 ut
483 1681 624 1741 quorum
671 1662 761 1724 diem
811 1662 973 1743 passionis
1020 1682 1132 1724 annua
1177 1663 1355 1725 deuotione

159 1748 341 1811 recolimus,
357 1748 457 1810 etiam
475 1747 550 1811 fidei
574 1748 797 1812 constantiam
814 1749 1062 1829 subsequamur.
1078 1769 1137 1830 per
1152 1750 1333 1813 dominum.

688 1890 825 1956 Secreta.

204 2004 296 2069 Uota
320 2005 433 2087 populi
459 2005 508 2067 tui
532 2005 668 2068 domiue
693 2005 891 2087 propitiatus
916 2004 1059 2068 intende.
1083 2015 1117 2067 et
1141 2025 1281 2086 quorum
1299 2027 1358 2068 nos

158 2091 275 2155 tribuis
290 2091 487 2174 sollempnia
503 2091 698 2155 caelebrare.
714 2091 766 2154 fac
782 2092 927 2173 gaudere
943 2091 1116 2174 suffragiis.
1134 2113 1200 2173 per.

613 2237 675 2299 Ad
685 2236 910 2318 complendum.

204 2348 339 2411 Exaudi
356 2348 490 2410 domine
506 2368 639 2429 praeces
657 2356 796 2410 nostras.
812 2357 845 2410 et
862 2358 1052 2410 sanctorum
1070 2356 1201 2410 tuorum
1218 2368 1358 2428 quorum

160 2433 245 2497 festa
260 2434 487 2515 sollempniter
509 2434 743 2498 caelebramus.
759 2435 925 2497 continuis
949 2435 1122 2497 foueamur
1144 2436 1284 2498 auxiliis.
1302 2456 1360 2518 per

159 2522 333 2584 dominum
349 2531 508 2584 nostrum.

253 2753 317 2802 xn.
342 2740 433 2802 Kar.
457 2738 544 2804 Oct.
574 2738 724 2803 Umnm
749 2737 890 2801 Snucrr
915 2738 1072 2803 Marum
1095 2739 1294 2805 Aeosrour.

203 2870 257 2933 Da
287 2868 382 2932 nobis
406 2869 618 2950 omnipotens
649 2869 730 2931 deus
757 2884 794 2930 ut
819 2868 908 2931 beati
936 2868 1060 2930 mathei
1084 2870 1227 2950 apostoli
1254 2869 1301 2931 tui
1326 2879 1359 2932 et

160 2956 384 3039 euangelistae
396 2976 497 3037 quam
514 2953 761 3038 [praeuenimus
777 2957 967 3019 ueneranda
983 2955 1174 3037 sollempni·
1191 2956 1246 3038 [fo.
1269 2973 1280 3017 1
1289 2970 1358 3035 sav.

162 3052 219 3107 tas
236 3054 269 3106 et
292 3044 508 3106 deuotionem
522 3042 617 3104 nobis
633 3051 755 3123 augeat
771 3052 804 3104 et
821 3041 970 3103 salutem.
988 3063 1054 3124 per.

690 3179 828 3242 Secreta.

202 3290 420 3373 Apostolicae
452 3291 656 3352 reuerentiae
690 3290 820 3352 culmen
854 3289 1023 3352 offerimus
1061 3291 1161 3352 sacris
1193 3293 1358 3372 mysteriis

164 3377 384 3441 imbuendum.
410 3387 543 3459 praesta
567 3376 703 3439 domine
723 3397 903 3458 quesumus
929 3388 965 3438 ut
993 3375 1081 3438 beati
1107 3377 1230 3440 mathei
1257 3399 1358 3441 euan-

165 3466 299 3546 gelistae
311 3463 474 3544 suffragiis
487 3465 580 3525 cuius
596 3463 750 3525 natalicia
765 3463 962 3544 praehimus
975 3463 1027 3525 hic
1044 3462 1137 3543 plebs
1152 3474 1210 3527 tua
1225 3485 1360 3546 semper

164 3562 194 3613 et
209 3571 268 3615 sua
283 3562 363 3613 uota
379 3551 561 3630 depromat.
578 3560 612 3612 et
624 3551 811 3613 desiderata
824 3551 992 3630 percipiat.
1009 3569 1075 3630 per.

610 3697 641 3759 A
646 3696 672 3757 d
683 3694 907 3776 complendum.

202 3810 296 3872 Beati
329 3807 452 3869 mathei
482 3808 708 3889 euangelistae
738 3827 918 3888 quesumus
948 3808 1084 3869 domine
1114 3808 1356 3890 supplicatione

164 3899 315 3981 placatus,
332 3905 365 3957 et
382 3895 513 3956 ueniam
529 3895 625 3957 nobis
642 3894 756 3957 tribue.
773 3904 807 3956 et
823 3895 969 3957 remedia
985 3895 1187 3976 sempiterna
1203 3900 1354 3961 concede.

163 4006 216 4070 per
230 3982 403 4047 dominum
420 3991 576 4044 nostrum.

194 4212 241 4261 x1.
267 4200 358 4263 KAL.
375 4199 462 4265 Ocr.
489 4200 646 4264 Names
670 4202 810 4268 Snucrr
836 4203 992 4266 Marum
1019 4204 1323 4268 Eunucamsma

203 4328 297 4393 Beati
329 4327 447 4402 mateit
472 4331 698 4414 euangelistae
722 4332 857 4394 domine
882 4332 1056 4414 praecibus
1088 4334 1292 4397 adiuuemur.
1320 4345 1356 4398 ut

160 4417 248 4497 quod
275 4416 479 4499 possibilitas
504 4429 617 4481 nostra
642 4438 708 4482 non
733 4417 869 4481 obtinet.
900 4420 971 4482 eius
998 4419 1093 4482 nobis
1124 4421 1356 4484 intercessione

158 4501 307 4566 donetur.
320 4522 379 4585 per
394 4503 575 4568 dominum.
