3046 5092
341 340 427 393 KAL.
455 341 545 394 NOU.
574 341 624 391 IN
646 341 717 391 DIE
746 340 909 393 OMNIUM
931 340 1171 392 SANCTORUM.
1311 352 1357 391 221

666 507 849 591 Praefatio.

200 608 250 673 iffi)
276 618 410 672 aeterne
433 608 524 671 deus.
579 608 629 671 Te
654 608 686 670 in
713 617 846 672 tuorum
877 607 1104 690 apostolorum
1135 605 1358 689 glorificantes

156 697 289 760 honore.
321 696 376 777 qui
414 705 448 758 et
485 693 549 757 illis
588 695 729 758 tribuisti
768 695 1008 761 beatitudinem
1046 695 1292 776 sempiternam.
1323 703 1357 758 et

156 782 340 847 infirmitati
357 791 489 845 nostrae
504 782 585 844 talia
601 782 793 863 praestitisti
817 781 981 863 suffragia
998 802 1056 864 per
1078 800 1165 862 quae
1180 790 1237 844 tua
1253 781 1356 863 possi·

158 891 232 934 mus
257 869 395 951 adipisci
423 868 578 932 subsidia.
603 878 636 931 et
664 869 835 951 peruenire
851 868 893 930 ad
910 869 1057 950 praemia
1077 868 1282 950 repromissa.
1300 888 1357 949 per

156 957 325 1020 christum.

613 1057 675 1120 Ad
684 1057 909 1139 conplendum.

201 1156 425 1239 Omnipotens
451 1157 651 1238 sempiterne
681 1159 771 1220 deus.
800 1158 914 1219 mundi
944 1166 1072 1218 creator
1101 1166 1134 1218 et
1161 1167 1274 1220 rector.
1300 1159 1356 1238 qui

156 1244 273 1307 beatos
298 1242 466 1326 apostolos
491 1254 567 1306 tuos
594 1245 737 1306 nominis
762 1244 809 1306 tui
835 1244 974 1325 gloriam
1000 1254 1195 1306 consecutos
1221 1244 1357 1324 elegisti.

156 1332 281 1395 exaudi
306 1329 467 1412 populum
492 1340 587 1393 tuum
614 1351 690 1393 cum
715 1339 904 1393 sanctorum
932 1340 1063 1392 tuorum
1090 1330 1149 1392 tibi
1173 1331 1358 1412 patrocinio

156 1417 409 1501 supplicantem.
435 1426 471 1479 ut
495 1418 586 1498 pacis
613 1418 702 1480 dono
727 1415 877 1499 proficiat
901 1418 944 1479 ad
970 1415 1046 1478 fidei
1062 1426 1095 1479 et
1110 1418 1256 1479 caritatis
1278 1438 1357 1498 aug-

158 1513 318 1567 mentum.
335 1524 393 1585 per
408 1505 590 1568 dominum.

270 1670 307 1719 11.
332 1656 423 1719 KAL.
447 1657 542 1720 Nou.
566 1670 606 1718 1u
633 1656 979 1721 U1G1Lm0uu1uu
1004 1657 1250 1722 Snxcsouuu.

202 1768 349 1831 Domine
375 1769 457 1831 deus
481 1778 593 1830 noster
613 1767 798 1849 multiplica
821 1788 919 1849 super
944 1789 1003 1830 nos
1024 1769 1165 1849 gratiam
1190 1778 1281 1830 tuam
1306 1767 1359 1841 ut†

157 1874 297 1937 quorum
337 1855 568 1935 praeuenimus
598 1853 742 1934 gloriosa
772 1855 970 1935 sollempnia
999 1855 1107 1917 tribue
1137 1855 1292 1936 subsequi
1325 1857 1356 1917 in

155 1951 272 2005 sancta
289 1941 492 2024 professione
508 1940 678 2003 laetitiam.
694 1960 753 2022 per
767 1941 949 2004 dominum.

665 2053 850 2140 [Secreta.]¹

202 2156 335 2235 lAltare
351 2165 446 2218 tuum
462 2155 598 2217 domine
625 2158 707 2219 deus
735 2157 925 2219 muneribus
952 2156 1195 2219 cummulamus
1212 2156 1266 2239 [so.
1289 2160 1356 2236 158.

156 2242 285 2306 oblatis,
302 2244 346 2306 da
360 2263 540 2323 quesumus
556 2254 592 2304 ut
608 2244 649 2304 ad
674 2241 814 2304 salutem
839 2253 985 2305 nostram
1005 2244 1152 2305 omnium
1169 2255 1358 2307 sanctorum

157 2340 289 2392 tuorum
327 2330 537 2412 praecatione
585 2328 767 2410 proficiant
806 2349 946 2412 quorum
984 2330 1181 2411 sollempnia
1219 2342 1358 2394 uentura

159 2416 406 2499 praecurrimus.
423 2436 488 2497 per.

670 2520 849 2599 Praejiztzb.

202 2620 252 2684 (D
269 2630 403 2682 aeterne
418 2619 509 2682 deus.
555 2619 773 2681 Reuerentiae
797 2629 873 2681 tuae
888 2620 1000 2682 dicato
1015 2619 1136 2682 ieiunio
1150 2621 1356 2701 gratulantes
1440 2636 1444 2647 ·

161 2707 236 2787 quia
273 2707 464 2768 ueneranda
501 2706 650 2768 omnium
698 2716 888 2769 sanctorum
927 2706 1124 2787 sollempnia
1161 2708 1356 2770 desideratis

160 2794 393 2874 praeuenimus
421 2791 545 2855 officiis
577 2802 613 2854 ut
643 2793 686 2855 ad
717 2794 835 2855 eadem
873 2792 1092 2855 caelebranda
1130 2793 1357 2875 sollempniter

160 2898 398 2962 praeparemur.
414 2899 472 2960 per
487 2878 645 2942 christum
662 2879 834 2941 dominum
852 2889 1010 2941 nostrum.

614 2994 676 3057 Ad
686 2994 909 3075 corrqtleredrmt.

202 3094 426 3158 Sacramentis
456 3094 591 3156 domine
615 3104 649 3156 et
675 3094 804 3175 gaudiis
827 3103 943 3175 optata
968 3093 1179 3156 caelebritate
1204 3095 1356 3176 expletis.

162 3200 338 3262 quesumus
354 3190 390 3243 ut
406 3201 519 3243 eorum
544 3180 718 3262 praecibus
741 3180 1099 3261 adiuuemur.'quorum
1124 3182 1357 3244 recordationi-

162 3267 220 3331 bus
235 3267 444 3331 exhibentur.
462 3288 520 3349 per
535 3267 717 3330 dominum.

712 3386 802 3450 Alia.

202 3485 305 3550 Erudi
335 3506 514 3568 quesumus
544 3486 679 3549 domine
710 3486 868 3568 populum
893 3496 986 3549 tuum
1012 3487 1212 3568 spiritalibus
1239 3489 1359 3550 instru-

162 3575 285 3636 mentis.
308 3584 342 3636 et
372 3593 512 3654 quorum
543 3583 691 3655 praestas
721 3573 918 3654 sollempnia
944 3575 1143 3655 praeuenire.
1168 3574 1219 3636 fac
1243 3594 1356 3637 eorum

160 3669 192 3721 et
205 3660 468 3723 consideratione
484 3661 651 3723 deuotum.
668 3669 701 3722 et
724 3659 914 3723 defensione
937 3681 1096 3723 securum.
1113 3681 1171 3742 per
1185 3661 1357 3724 dominum

161 3750 328 3810 nostrum.²

624 3881 701 3966 jAu
724 3883 879 3946 Mrssnu.
1215 3883 1269 3966 [so.
1291 3898 1358 3966 159.

204 3994 427 4077 Omnipotens
467 3996 667 4077 sempiterne
690 3996 772 4057 deus
801 3997 857 4077 qui
889 4015 949 4057 nos
976 3997 1124 4057 omnium
1167 4007 1356 4061 sanctorum

163 4082 275 4143 merita
291 4080 354 4144 sub
368 4101 435 4145 una
444 4080 559 4144 tribuis
569 4080 781 4145 caelebritate
792 4083 940 4144 uenerari
949 4102 1128 4163 quesumus
1144 4092 1180 4145 ut
1192 4084 1358 4146 desidera-

161 4175 226 4230 tam
242 4169 339 4231 nobis
352 4182 429 4230 tuae
441 4169 683 4250 propitiationis
696 4168 957 4232 habundantiam
970 4169 1195 4253 multiplicatis
1206 4171 1359 4234 interces-

161 4252 302 4318 sionibus
320 4253 477 4337 largiaris.
493 4274 559 4337 per.

192 4374 200 4408 ¹
215 4378 279 4429 This
289 4379 402 4444 heading
413 4378 434 4428 is
445 4377 551 4428 omitted
562 4378 588 4428 in
600 4378 657 4430 MS.

188 4441 200 4474 ²
214 4444 270 4495 The
280 4445 359 4495 lower
372 4442 429 4493 halt
441 4443 470 4493 oi
483 4444 527 4493 the
546 4454 614 4493 recto
634 4444 663 4494 ol
676 4441 718 4495 fol.
741 4443 786 4508 158
805 4443 827 4494 is
846 4444 942 4503 blankz
958 4445 1001 4494 the
1019 4461 1090 4495 verso
1108 4445 1129 4495 is
1149 4446 1269 4511 occupied
1282 4447 1315 4511 by
1326 4464 1359 4497 an

159 4506 333 4560 illumination.
371 4508 431 4570 (See
447 4509 517 4559 Pure
528 4508 619 4570 xm.)
