3046 5092
524 260 740 312 ORATIONES
762 262 986 313 PASCHALES.

605 480 667 544 Ad
677 480 901 562 complendum.

198 584 449 666 Redemptionis
465 592 597 646 nostrae
621 604 758 647 munere
781 583 929 665 uegetati
952 603 1133 666 quesumus
1159 585 1296 648 domine
1321 596 1357 649 ut

152 673 216 735 hoc
241 684 420 754 perpetuae
446 672 561 735 salutis
585 672 756 735 auxilium.
773 670 855 735 fides
876 689 1007 751 semper
1022 691 1100 734 uera
1126 671 1283 755 perficiat
1300 693 1357 754 per

151 760 325 822 dominum
342 770 500 822 nostrum.

638 896 701 959 Ad
710 907 882 978 uesperum.

198 1000 290 1063 Deus
304 1000 361 1082 qui
378 999 578 1082 multiplicas
593 1000 786 1063 aecclesiam
803 1011 895 1064 tuam
919 1000 951 1062 in
974 999 1089 1063 sobole
1104 1000 1355 1064 renascentium·

154 1086 204 1149 lac
227 1108 302 1149 eam
317 1088 462 1168 gaudere
478 1089 647 1169 propitius.
672 1090 714 1150 de
738 1108 872 1150 suorum
898 1086 1098 1170 profectibus
1125 1085 1276 1152 filiorum.
1299 1108 1355 1170 pcr

152 1175 326 1237 dominum
342 1185 500 1237 nostrum.

460 1401 657 1464 Don1u1cn
676 1399 848 1466 Ocrnnns
872 1402 1052 1465 Pascnan.

197 1541 332 1604 Praesta
361 1558 542 1620 quesumus
573 1539 787 1620 omnipotens
809 1539 898 1601 deus.
924 1547 961 1601 ut
989 1539 1045 1620 qui
1070 1537 1241 1620 paschalia
1269 1539 1349 1603 festa

153 1629 347 1712 peregimus.
363 1626 446 1689 haec
461 1637 495 1689 te
506 1626 666 1707 largiente
682 1626 830 1688 moribus
844 1637 877 1688 et
902 1626 970 1690 uita
985 1634 1168 1688 teneamus
1186 1647 1253 1708 per.

687 1771 824 1835 Secreta.

199 1892 337 1974 Suscipe
354 1911 491 1953 munera
505 1911 687 1972 quesumus
703 1893 838 1955 domine
854 1891 1036 1955 exultantis
1052 1891 1239 1955 aecclesiae.
1253 1903 1285 1957 et
1299 1893 1346 1955 cui

155 2000 300 2130 legerrtqpiqre
327 1981 412 2148 {qqti
442 1980 555 2060 gaudii
586 1981 788 2060 praestitisti
820 1990 1016 2062 perpetuum
1041 1979 1185 2043 fructum
1208 1981 1346 2044 concede

674 2195 855 2274 Praefatio.

200 2316 250 2379 (D
291 2323 424 2377 aeterne
461 2316 551 2378 deus
622 2316 669 2380 Et
691 2326 724 2378 te
747 2315 939 2398 suppliciter
960 2315 1140 2379 obsecrare.
1158 2336 1201 2379 ne
1228 2337 1286 2380 nos
1304 2318 1339 2380 ad

156 2401 248 2465 illum
265 2403 354 2464 sinas
366 2403 471 2464 redire
486 2414 606 2466 actum.
623 2405 675 2465 cui
700 2405 769 2465 iure
791 2401 996 2485 domilnatur
1016 2404 1176 2466 inimicus.
1200 2403 1256 2486 [fo.
1279 2419 1337 2484 77v.

158 2488 223 2553 Sed
256 2490 287 2549 in
315 2490 376 2550 hac
408 2491 518 2570 potius
555 2491 655 2551 iacias
694 2490 900 2552 absolutione
937 2490 1118 2570 persistere.
1158 2512 1217 2571 per
1252 2509 1336 2572 quam

156 2576 307 2638 diabolus
324 2577 436 2637 extitit
454 2576 520 2638 filio
537 2588 595 2639 tuo
611 2579 763 2639 uincente
779 2577 936 2658 captiuus.
984 2578 1028 2639 Et
1045 2578 1127 2639 ideo.

612 2731 643 2792 Α
648 2731 674 2792 d
679 2729 902 2810 corripiendum.

199 2847 390 2930 Quesumus
407 2850 542 2911 domine
569 2850 651 2912 deus
675 2861 786 2912 noster
803 2861 839 2912 ut
855 2860 1063 2913 sacrosancta
1088 2854 1245 2932 mysteria
1265 2869 1331 2932 quac

157 2956 216 3018 pro
233 2938 448 3017 reparationis
472 2949 604 2999 nostrae
629 2940 810 2999 munimine
826 2938 1000 2999 contulisti.
1024 2949 1057 3000 et
1081 2961 1235 3020 praesens
1256 2937 1330 3000 nobis

158 3025 339 3085 remedium
357 3046 427 3085 esse
444 3024 544 3086 lacias
561 3035 594 3087 et
611 3025 764 3087 luturum.
781 3045 839 3106 per
854 3025 1034 3086 dominum.

543 3179 643 3240 Aliae
656 3180 815 3240 orationes
822 3176 994 3258 paschales.

203 3293 295 3355 Deus
322 3293 378 3374 qui
409 3315 469 3355 nos
501 3296 729 3358 exultantibus
760 3295 878 3357 animis
908 3294 1030 3375 pascha
1054 3306 1147 3357 tuum
1171 3294 1329 3357 caelebrare

158 3381 308 3445 tribuisti.
327 3382 376 3441 lac
390 3402 450 3441 nos
466 3403 646 3462 quesumus
670 3395 702 3444 et
719 3383 955 3464 temporalibus
978 3384 1122 3462 gaudere
1145 3382 1294 3444 subsidiis.
1306 3388 1329 3437 et

158 3468 362 3532 aeternitatis
379 3468 551 3532 effectibus
567 3471 732 3550 gratulari.
749 3491 808 3551 pcr
819 3470 998 3532 dominum.

710 3623 802 3686 Alia.

203 3744 295 3806 Deus
310 3744 366 3824 qui
383 3764 498 3805 omnes
515 3745 547 3805 in
564 3744 686 3807 christo
702 3755 833 3807 renatos
849 3765 953 3826 genus
965 3746 1089 3826 regium
1105 3755 1139 3808 et
1152 3743 1336 3809 sacerdotale

160 3833 271 3894 fecisti.
289 3832 333 3893 da
350 3833 444 3893 nobis
468 3841 501 3893 et
524 3833 609 3895 uelle
633 3844 666 3895 et
689 3854 786 3914 posse
809 3854 893 3914 quae
917 3834 1084 3914 praecipis.
1109 3845 1144 3896 ut
1168 3835 1288 3915 populo
1306 3832 1338 3894 ad

159 3920 390 4068 aeternitqtem
415 3929 541 3982 uocato,
566 3940 632 3981 una
654 3921 696 3984 sit
720 3920 801 3982 fides
825 3921 972 3982 cordium
995 3930 1029 3982 et
1050 3922 1158 4001 pietas
1180 3923 1340 3984 actionum

160 4029 218 4090 per
235 4027 299 4068 eun
326 4027 388 4068 ern.

713 4128 802 4191 Alia.

205 4247 298 4310 Deus
329 4245 385 4327 qui
416 4246 588 4308 credentes
615 4244 646 4307 in
670 4254 704 4308 te
728 4245 818 4308 sonte
841 4244 1051 4328 baptismatis
1075 4245 1249 4310 innouasti.
1273 4249 1349 4310 hanc

162 4337 283 4398 renatis
311 4334 342 4395 in
367 4333 491 4395 christo
522 4334 666 4395 concede
690 4333 883 4395 custodiam.
908 4342 943 4395 ut
974 4332 1066 4394 nullo
1089 4336 1206 4396 erroris
1230 4336 1351 4399 incursu

162 4424 303 4505 gratiam
321 4432 398 4484 tuae
414 4420 653 4484 benedictionis
669 4421 832 4483 amittant.
850 4441 909 4502 per
926 4421 1077 4483 eundem.
