3046 5092
480 261 528 311 IN
553 261 630 311 CAP.
661 260 813 312 IEIUNII.
850 262 1030 314 SABBATO.

614 507 722 588 Super
728 507 891 589 populum.

204 635 407 700 Inclinantes
428 655 463 698 se
486 635 621 699 domine
645 636 810 699 maiestati
834 646 912 700 tuae
934 638 1136 721 propitiatus
1159 641 1305 708 intende.
1322 654 1361 708 ut

158 724 214 805 qui
245 724 359 790 diuino
390 742 525 786 munere
547 732 625 785 sunt
648 721 769 786 resecti.
793 723 993 789 caelestibus
1015 747 1148 811 semper
1170 731 1363 795 nutriantur

158 810 303 874 auxiliis.
320 830 379 892 per
394 810 578 874 dominum.

667 974 785 1038 Fatua
802 975 843 1041 V.

203 1116 295 1178 Deus
307 1115 363 1197 qui
379 1115 477 1196 culpa
499 1111 677 1176 offenderis
700 1114 906 1195 poenitentia
922 1115 1063 1198 placaris
1087 1139 1221 1202 praeces
1245 1122 1362 1204 populi

158 1204 206 1267 tui
236 1202 453 1285 supplicantis
485 1201 616 1281 respice.
640 1210 674 1261 et
697 1200 829 1282 flagella
852 1211 930 1265 tuae
961 1204 1159 1269 iracundiae.
1183 1228 1270 1289 quae
1301 1230 1361 1292 pro

159 1291 302 1373 peccatis
315 1289 435 1351 nostris
451 1307 616 1350 meremur
630 1285 765 1371 [auerte.
781 1308 841 1369 per
855 1289 1029 1354 dominum
1045 1303 1204 1357 nostrum.
1221 1294 1278 1377 [so.
1288 1313 1361 1375 42v.

692 1432 828 1497 Secreta.

202 1547 378 1612 Sacrificiis
409 1546 637 1629 praesentibus
660 1546 795 1609 domine
824 1566 1005 1628 quesumus
1038 1550 1174 1614 intende
1198 1550 1359 1633 placatus.

159 1645 195 1698 ut
211 1644 244 1698 et
260 1636 430 1698 deuotioni
447 1644 580 1697 nostrae
595 1631 769 1716 proficiant
785 1643 819 1696 et
834 1633 940 1697 saluti.
957 1656 1016 1716 per
1031 1636 1214 1703 dominum.

611 1783 673 1847 Ad
683 1781 908 1865 complendum.

202 1895 362 1961 Caelestis
378 1897 456 1960 doni
480 1895 710 1960 benedictione
726 1904 889 1977 percepta.
906 1895 1073 1978 supplices
1089 1906 1123 1959 te
1145 1898 1228 1961 deus
1252 1900 1358 1962 omni·

159 1993 278 2065 potens
295 1984 539 2064 depraecamur.
556 1993 592 2046 ut
608 1983 671 2047 hoc
687 1983 776 2046 idem
793 1982 891 2046 nobis
913 1993 947 2046 et
969 1986 1168 2047 sacramenti
1192 2005 1293 2049 causa
1316 1988 1359 2050 sit

160 2081 193 2133 et
210 2068 336 2144 saluti.†
350 2091 410 2152 per
424 2071 607 2134 dominum.

618 2281 736 2344 Fama
753 2279 889 2345 Sexti.

203 2419 364 2482 lnchoata
376 2418 496 2481 ieiunia
511 2438 691 2500 quesumus
707 2417 842 2480 domine
858 2417 1004 2499 benigno
1021 2416 1135 2480 lauore
1148 2438 1357 2501 prosequere.

158 2518 193 2569 ut
210 2507 455 2569 obseruantiam
472 2525 571 2586 quam
596 2505 809 2586 corporaliter
833 2504 1038 2567 exhibemus.
1063 2507 1232 2568 mentibus
1255 2509 1357 2570 etiam

158 2595 292 2656 sinceris
308 2615 462 2657 exercere
479 2593 656 2655 ualeamus.
673 2613 731 2673 per
747 2593 929 2654 dominum.

688 2744 826 2808 Secreta.

203 2860 406 2926 Sacrificium
424 2858 559 2922 domine
582 2856 813 2920 obseruantiae
837 2856 1002 2937 paschalis
1026 2856 1202 2921 offerimus
1227 2872 1363 2941 praesta

156 2969 336 3030 quesumus
353 2958 388 3009 ut
412 2958 444 3008 et
468 2947 526 3008 tibi
552 2956 679 3006 mentes
704 2954 832 3006 nostras
857 2945 973 3006 reddat
997 2956 1158 3026 acceptas
1176 2958 1210 3008 et
1227 2951 1361 3010 contin-

156 3037 265 3098 entiae
304 3034 514 3116 promptioris
553 3031 648 3093 nobis
686 3031 809 3093 tribuat
843 3031 1043 3094 facultatem.
1083 3053 1141 3112 per
1179 3034 1359 3098 dominum

160 3134 317 3184 nostrum.

612 3238 674 3300 Ad
681 3238 905 3318 complendum.

202 3353 362 3433 Spiritum
388 3349 483 3411 nobis
513 3350 648 3411 domine
671 3361 748 3411 tuae
778 3350 924 3411 caritatis
950 3348 1093 3412 infunde.
1122 3360 1158 3413 ut
1175 3373 1261 3433 quos
1293 3375 1363 3418 uno

157 3440 289 3502 caelesti
304 3458 389 3519 pane
405 3439 539 3499 satiasti.
557 3448 613 3499 tua
631 3437 730 3498 facias
747 3437 870 3517 pietate
886 3437 1075 3499 concordes
1099 3458 1158 3519 per
1182 3441 1361 3507 dominum

159 3537 316 3588 nostrum.

614 3645 720 3726 Super
729 3644 893 3726 populum.

200 3758 309 3820 Tuere
325 3755 458 3819 domine
471 3756 629 3837 populum
647 3768 740 3819 tuum
757 3768 790 3819 et
807 3756 849 3819 ab
865 3756 1020 3818 omnibus
1044 3757 1191 3837 peccatis
1214 3759 1364 3826 clemen·

156 3856 207 3909 ter
222 3844 374 3907 emunda.
391 3844 468 3924 quia
481 3844 571 3906 nulla
582 3845 611 3906 ei
629 3845 762 3906 nocebit
786 3844 977 3906 aduersitas.
1003 3845 1029 3905 si
1054 3843 1144 3905 nulla
1168 3845 1364 3912 dominetur

159 3933 321 4014 iniquitas.
334 3951 401 4012 per.

669 4106 847 4172 Snaanro.

200 4245 452 4311 Obseruationis
475 4243 571 4306 huius
598 4263 709 4305 annua
739 4243 951 4306 caelebritate
981 4245 1144 4308 laetantes
1174 4266 1361 4328 quesumus

155 4336 290 4397 domine
306 4345 342 4396 ut
359 4332 569 4415 paschalibus
580 4331 765 4393 actionibus
779 4331 973 4394 inherentes.
984 4332 1171 4412 pleniseius
1182 4334 1360 4401 affectibus

155 4423 369 4504 gaudeamus,
388 4442 445 4503 per
460 4420 633 4483 dominum
652 4431 810 4482 nostrum.
