3046 5092
404 321 489 373 ΚΑΛ
519 320 598 373 IUN.
628 320 843 371 DEDICATIO
868 320 897 370 S.
924 320 1145 371 NICOMEDIS.
1331 328 1377 383 177

242 500 297 579 11.†
322 504 416 568 Knn.
441 504 526 568 lun,
550 502 708 567 Numen
733 503 875 569 Snucm
899 502 1119 569 Aucusruu
1144 505 1323 568 Enscon

222 632 314 695 Deus
338 632 394 714 qui
423 652 483 695 nos
510 632 634 695 deuota
660 631 749 695 beati
775 632 943 714 augustini
974 631 1171 695 confessoris
1203 633 1251 696 tui
1277 641 1377 714 atque

175 716 343 801 pontilicis
368 719 535 782 instantia
563 718 605 781 ad
633 719 838 801 agnitionem
864 719 912 782 tui
938 720 1044 782 sancti
1076 719 1220 781 nominis
1257 738 1377 782 uocare

177 805 336 886 dignatus
361 825 406 868 es.
436 805 583 869 concede
613 805 783 887 propitius.
810 815 846 869 ut
876 805 968 869 cuius
999 805 1197 888 sollempnia
1226 805 1375 869 colimus.

175 892 279 955 etiam
295 892 480 974 patrocinia
495 893 685 955 sentiamus
702 912 769 974 per.

707 1045 845 1109 Secreta.

224 1155 362 1220 Hostias
393 1157 528 1220 domine
553 1156 660 1219 laudis
687 1157 753 1219 tuis
779 1155 939 1219 altaribus
966 1157 1171 1219 adhibemus.
1198 1177 1282 1238 quas
1307 1157 1376 1219 eius

177 1243 239 1305 tibi
264 1244 449 1325 patrocinio
475 1243 639 1306 credimus
666 1242 973 1328 [commendandas.
1000 1244 1093 1305 cuius
1117 1264 1177 1306 nos
1202 1240 1258 1328 [l0.
1286 1245 1376 1307 126v.

177 1329 312 1393 uoluisti
329 1331 416 1393 uotis
431 1330 474 1392 ad
492 1340 568 1393 tuae
584 1331 717 1412 pietatis
734 1331 906 1412 peruenire
921 1330 1083 1392 notitiam.
1101 1351 1166 1412 per.

695 1482 876 1563 Praefatio.

222 1593 271 1656 ff)
296 1604 429 1656 aeterne
456 1594 546 1657 deus.
593 1594 758 1676 Diemque
785 1593 976 1656 natalicium
1004 1593 1092 1657 beati
1117 1593 1283 1676 pontificis
1299 1613 1377 1657 con·

177 1677 376 1761 sessorisque
399 1681 446 1743 tui
470 1681 645 1762 augustini.
662 1681 752 1743 omni
775 1681 955 1743 deuotione
971 1682 1129 1744 uenerari.
1176 1681 1378 1763 Suppliciter

178 1764 399 1829 obsecrantes,
431 1776 467 1830 ut
498 1769 605 1849 ipsum
632 1787 692 1829 nos
718 1767 808 1849 apud
835 1776 928 1830 tuam
959 1767 1170 1830 clementiam
1194 1769 1376 1830 sentiamus

177 1850 300 1916 habere
316 1864 502 1934 patronum.
518 1874 617 1935 quem
638 1865 695 1916 tua
717 1856 824 1935 gratia
849 1853 1011 1935 largiente
1028 1857 1206 1918 meruimus
1222 1865 1377 1918 aeternae

178 1939 295 2001 salutis
312 1942 478 2023 suscipere
495 1942 690 2004 ministrum.
707 1961 766 2024 per
781 1940 950 2004 christum.

625 2095 687 2157 Ad
704 2093 930 2175 complendum.

221 2203 317 2267 Beati
343 2203 491 2287 augusti†
515 2205 711 2268 confessoris
736 2207 783 2268 tui
808 2214 908 2286 atque
936 2204 1101 2286 pontificis
1122 2206 1259 2268 domine
1282 2226 1376 2288 prae·

176 2288 270 2353 cibus
286 2290 501 2356 confidentes,
528 2313 708 2374 quesumus
732 2292 943 2354 clementiam
969 2301 1071 2354 tuam.
1098 2302 1135 2354 ut
1162 2313 1220 2375 per
1235 2313 1273 2355 ea
1290 2313 1375 2374 quae

178 2379 390 2459 sumpsimus.
407 2388 540 2442 aeterna
564 2380 709 2443 remedia
726 2379 904 2460 capiamus.
920 2399 986 2460 per.

352 2593 443 2656 Knn.
469 2594 551 2658 Iun.
578 2594 790 2656 Dsolcnsto
814 2593 955 2656 Snuem
981 2592 1203 2656 N1couuu1s

222 2721 317 2784 Deus
341 2723 399 2803 qui
426 2743 486 2785 nos
514 2723 602 2785 beati
628 2723 811 2784 nicomedis
839 2722 993 2801 martyris
1017 2722 1063 2783 tui
1088 2722 1212 2783 meritis
1227 2730 1262 2783 et
1278 2722 1376 2784 inter-

170 2809 327 2872 cessione
344 2808 511 2871 laetificas
528 2809 674 2871 concede
690 2809 851 2891 propitius
868 2819 904 2871 ut
919 2809 975 2889 qui
992 2809 1063 2870 eius
1085 2806 1246 2870 beneficia
1269 2809 1375 2890 posci·

174 2914 261 2959 mus.
277 2896 367 2959 dona
384 2906 461 2958 tuac
475 2897 603 2977 gratiae
619 2915 868 2976 consequamur.
883 2915 950 2976 per.

697 3050 832 3113 secreta.

216 3160 361 3223 Munera
387 3161 522 3224 domine
549 3161 662 3224 oblata
688 3160 857 3224 sanctifica
872 3169 905 3222 et
922 3161 1146 3223 intercedente
1169 3160 1268 3222 beato
1284 3161 1374 3223 nico·

160 3247 272 3311 mede
310 3258 456 3327 martyre
493 3259 552 3311 tuo
589 3270 649 3311 nos
687 3269 745 3330 per
781 3248 863 3310 haec
893 3268 913 3309 a
942 3256 1154 3329 peccatorum
1185 3259 1371 3311 nostrorum

160 3334 313 3397 maculis
335 3335 488 3398 emunda
505 3356 571 3418 per.

692 3480 872 3559 Praefatio.

214 3591 267 3655 (D
292 3602 426 3654 aeterne
441 3593 531 3655 deus.
580 3593 624 3654 Et
640 3594 672 3655 in
688 3592 852 3674 praesenti
869 3591 1048 3654 sestiuitate
1064 3591 1169 3653 sancti
1188 3592 1368 3655 nicomedis

156 3679 328 3758 martyris
351 3680 399 3741 tui
426 3679 486 3742 tibi
513 3679 704 3743 confitendo
728 3679 835 3741 laudis
861 3678 985 3741 hostias
1014 3679 1191 3740 immolare.
1209 3689 1367 3760 tuamque

155 3760 358 3828 inmensam
375 3767 532 3846 pietatem
550 3767 732 3847 implorare,
748 3777 786 3828 ut
812 3766 896 3828 sicut
921 3766 965 3827 illi
993 3766 1113 3828 dedisti
1130 3765 1280 3827 caelestis
1297 3766 1367 3847 pal-

161 3868 261 3915 mam
272 3851 440 3932 triumphi.
452 3853 497 3915 sic
513 3873 553 3915 eo
569 3852 772 3934 suffragante
783 3852 878 3915 nobis
890 3853 1161 3914 emundationem
1179 3872 1217 3914 ac
1234 3854 1365 3915 ueniam

160 3938 336 4001 concedas
353 3941 488 4020 peccati.
536 3939 584 4003 Ut
609 3941 641 4002 in
668 3953 701 4002 te
726 3939 915 4002 exultemus
943 3940 975 4001 in
1002 3938 1227 4001 misericordia
1251 3941 1282 4001 in
1299 3959 1367 4020 quo

165 4019 223 4088 ille
240 4024 385 4088 laetatur
400 4027 432 4087 in
447 4025 553 4108 gloria
568 4047 628 4108 per
642 4026 800 4089 christum
817 4026 989 4089 dominum
1005 4036 1155 4088 nostrum

617 4178 679 4242 Ad
696 4179 922 4260 complendum.

212 4287 391 4372 Supplices
417 4300 451 4352 te
475 4310 630 4373 rogamus
653 4291 865 4373 omnipotens
891 4290 974 4352 deus
1000 4299 1036 4352 ut
1065 4308 1149 4370 quos
1174 4289 1239 4352 tuis
1262 4290 1367 4354 reficis

173 4371 403 4458 lsacramentis
425 4377 650 4441 intercedente
672 4377 771 4441 beato
791 4376 964 4439 nicomede
988 4386 1132 4457 martyre
1154 4385 1214 4439 tuo
1227 4375 1283 4460 [so.
1297 4395 1368 4457 127.

173 4463 270 4526 etiam
286 4463 419 4614 ρὲαθεὲῑὲε
435 4464 581 4527 moribus
595 4464 773 4547 dignanter
783 4463 908 4527 tribuas
923 4463 1096 4526 deseruire.
1111 4483 1178 4546 per.
1211 4563 1233 4611 N

211 4561 302 4628 Jum
1212 4563 1237 4612 u
