3046 5092
494 352 545 402 ID.
574 351 661 404 AUG.
691 350 779 402 ΝΑΤ.
809 352 836 401 S.
873 350 1052 402 YPPOLITI.
1334 365 1380 415 ¹99

631 527 695 591 Ad
703 528 930 610 complendum.

220 640 324 705 Sacro
341 660 476 703 munere
491 639 602 704 satiati
615 640 781 722 supplices
791 650 824 703 te
834 640 970 703 domine
981 640 1225 720 depraecamur.
1237 648 1274 702 ut
1285 639 1376 722 quod

176 729 309 793 debitae
325 728 494 791 seruitutis
509 727 736 790 caelebramus
752 727 870 790 orlicio.
886 727 1113 789 intercedente
1132 726 1233 790 beato
1248 726 1377 790 lauren-

176 816 224 879 tio
240 814 435 877 saluationis
451 825 528 877 tuae
544 814 726 877 sentiamus
742 823 971 896 augmentum.
988 833 1055 895 per.

239 1030 307 1116 [ιιι.
333 1031 424 1095 Inus
457 1029 551 1103 Auo.
587 1029 743 1178 NAT‘ylyOE
782 1027 923 1093 Sancrr
962 1028 1140 1094 T1ssunsn
1201 1029 1257 1112 [fo.
1287 1046 1375 1109 142v.

714 1129 881 1180 inerms.

221 1247 316 1310 Beati
332 1247 457 1311 tiburtii
475 1268 535 1309 nos
546 1247 681 1309 domine
694 1245 1034 1309 loueantcontinuata
1044 1246 1208 1327 praesidia
1217 1245 1295 1328 quia
1311 1265 1377 1307 non

176 1335 300 1397 desinis
348 1334 467 1397 intueri
508 1333 670 1416 propitius
716 1353 801 1414 quos
849 1332 971 1395 talibus
1009 1334 1141 1396 auxiliis
1179 1333 1379 1396 concesseris

177 1422 336 1484 adiuuari.
360 1441 425 1503 per.

713 1531 850 1596 Secreta.

221 1643 353 1708 Adesto
368 1645 504 1708 domine
519 1643 692 1727 praecibus
708 1643 822 1726 populi
835 1643 883 1706 tui
900 1643 1018 1706 adesto
1034 1642 1225 1706 muneribus
1241 1653 1278 1706 ut
1293 1663 1379 1725 quae

176 1733 278 1794 sacris
301 1743 378 1795 sunt
401 1732 515 1794 oblata
539 1732 704 1812 mysteriis
727 1741 860 1793 tuorum
884 1730 945 1792 tibi
969 1730 1122 1811 placeant
1146 1730 1381 1793 intercessione

176 1830 378 1882 sanctorum.
402 1839 468 1900 per.

688 1936 871 2016 Prodatic).

222 2051 272 2114 ff)
296 2059 430 2113 aeterne
446 2050 536 2112 deus.
582 2047 649 2131 Qui
673 2050 754 2112 dum
778 2049 866 2112 beati
883 2048 1010 2112 tiburtii
1027 2049 1182 2129 martyris
1198 2050 1245 2112 tui
1264 2050 1381 2112 merita

176 2138 322 2220 gloriosa
346 2157 543 2199 ueneremur
564 2136 728 2199 auxilium
761 2135 857 2199 nobis
888 2146 965 2199 tuae
999 2137 1244 2218 propitiationis
1267 2135 1381 2199 adfore

174 2227 423 2306 depraecamur.
470 2222 637 2304 Quoniam
651 2223 816 2286 credimus
833 2243 893 2285 nos
909 2243 967 2305 per
979 2242 1094 2285 eorum
1111 2224 1380 2286 intercessionem

173 2312 233 2392 qui
256 2309 318 2373 tibi
341 2310 494 2392 placuere
517 2320 729 2391 peccatorum
753 2319 942 2372 nostrorum
966 2310 1098 2371 ueniam
1122 2310 1308 2392 impetrare.
1324 2330 1382 2392 per

171 2398 336 2461 christum
353 2397 526 2459 dominum
543 2406 702 2459 nostrum.

623 2522 686 2585 Ad
702 2522 929 2606 conqtlcndum.

220 2636 434 2719 Sumpsimus
471 2634 607 2698 domine
629 2635 749 2717 pignus
773 2634 1010 2717 redemptionis
1034 2645 1195 2699 aeternae.
1220 2636 1262 2698 sit
1285 2636 1380 2699 nobis

169 2743 358 2806 quesumus
395 2723 636 2786 interueniente
680 2722 780 2785 beato
823 2722 961 2785 tiburtio
1006 2732 1150 2805 martyre
1188 2732 1247 2785 tuo
1292 2724 1380 2786 uitae

168 2811 361 2894 praesentis
378 2808 540 2872 auxilium
557 2809 679 2891 pariter
695 2818 728 2872 et
744 2806 881 2883 futura.†
896 2829 961 2890 per.

282 2997 373 3061 Inus
398 2997 492 3061 Auo.
518 2996 674 3060 ΝΑτΑιιι
697 2995 838 3061 Sancti
862 2995 1044 3060 Υιιοιιιι
1062 2996 1271 3062 ΜΑιιτιιιιε,

218 3125 275 3188 Da
292 3124 387 3187 nobis
402 3126 613 3207 omnipotens
628 3123 711 3187 deus
727 3133 763 3187 ut
778 3124 867 3188 beati
883 3125 1002 3207 ypoliti
1027 3125 1181 3208 martyris
1207 3127 1255 3189 tui
1281 3147 1379 3191 uene·

161 3214 282 3276 randa
304 3209 587 3293 sollempnitatis.†
609 3222 643 3276 et
665 3212 878 3275 deuotionem
910 3212 1006 3275 nobis
1029 3221 1149 3294 augeat
1171 3223 1205 3275 et
1227 3213 1378 3278 salutem.

160 3318 243 3381 per.

705 3408 845 3473 Suam.

219 3523 365 3604 Respice
394 3522 530 3584 domine
568 3541 704 3584 munera
735 3521 848 3603 populi
882 3522 930 3584 tui
968 3532 1158 3585 sanctorum
1197 3521 1376 3588 lestiuitate
1424 3524 1429 3532 '

155 3611 301 3675 uotiua.
325 3619 359 3670 et
383 3620 459 3672 tuae
482 3606 671 3671 testificatio
695 3609 843 3671 ueritatis
866 3608 962 3670 nobis
985 3608 1135 3691 proficiat
1158 3609 1200 3672 ad
1224 3612 1374 3675 salutem.

153 3712 240 3777 per.

686 3806 867 3887 Praefatio.

216 3920 270 3984 (D
317 3928 450 3981 aeterne
480 3920 569 3982 deus.
616 3918 662 3981 Et
692 3928 784 3981 tuam
814 3918 1025 3982 clementiam
1055 3919 1142 3981 uotis
1172 3920 1375 4002 supplicibus

156 4000 358 4089 implorare.
390 4014 427 4068 ut
456 4003 544 4068 beati
574 4005 693 4086 ypoliti
724 4006 914 4069 intercessio
945 4015 1155 4088 peccatorum
1185 4016 1374 4072 nostrorum

158 4094 325 4157 obtineat
341 4093 481 4154 ueniam.
497 4093 554 4173 qui
577 4112 636 4174 per
657 4101 824 4155 tormenta
847 4093 1009 4174 passionis
1032 4102 1201 4156 aeternam
1224 4096 1375 4175 peruenit

159 4182 212 4245 ad
229 4178 393 4263 glolriam.
410 4198 470 4260 per
483 4178 643 4241 christum
658 4177 830 4242 dominum
847 4189 1005 4243 nostrum.
1232 4176 1288 4264 [so.
1309 4198 1376 4262 143.

625 4298 687 4361 Ad
703 4298 930 4381 complendum.

215 4410 513 4477 sacramentorum
529 4418 663 4473 tuorum
679 4411 815 4473 domine
830 4410 1022 4474 communio
1035 4419 1169 4492 sumpta
1184 4432 1244 4475 nos
1260 4412 1375 4478 saluet.

179 4499 259 4561 etin
276 4506 356 4561 tuae
371 4496 520 4560 ueritatis
536 4495 608 4560 luce
623 4496 804 4560 confirmet
820 4517 886 4580 per.
