3046 5092
576 307 624 357 IN
638 307 762 358 COENA
781 307 930 357 DOMINI.

625 507 688 589 Ad
696 506 922 589 complendum.

200 620 336 704 Largire
347 621 498 685 sensibus
514 621 634 684 nostris
656 621 869 702 omnipotens
892 620 975 683 deus
997 629 1034 683 ut
1056 640 1115 702 per
1137 622 1354 704 temporalem

155 707 212 770 filii
244 710 291 772 tui
324 718 464 772 mortem
495 728 597 789 quam
628 709 787 789 mysteria
817 707 1006 771 ueneranda
1037 718 1210 772 testantur.
1249 711 1355 772 uitam

155 795 252 858 nobis
267 797 399 860 dedisse
415 805 611 879 perpetuam
627 793 842 857 confidamus
859 815 918 877 per
932 793 1114 858 dominum.

617 926 726 1009 Super
732 928 898 1009 populum.

199 1042 342 1125 Respice
358 1040 494 1104 domine
509 1061 689 1123 quesumus
702 1060 801 1122 super
816 1039 902 1103 hanc
919 1039 1079 1104 familiam
1096 1050 1197 1104 tuam.
1214 1061 1274 1123 pro
1289 1061 1356 1123 qua

154 1130 310 1192 dominus
341 1139 453 1191 noster
484 1130 570 1190 iesus
601 1128 742 1190 christus
782 1147 848 1189 non
883 1127 1050 1191 dubitauit
1083 1129 1237 1192 manibus
1270 1129 1355 1194 tradi

155 1217 355 1279 nocentium.
372 1227 406 1279 et
422 1216 526 1279 crucis
542 1215 652 1277 subire
664 1224 877 1278 tormentum.
894 1216 950 1296 qui
967 1224 1085 1278 tecum.

499 1424 648 1489 OnAuo
672 1438 713 1487 ru
738 1423 871 1489 Coena
894 1424 1053 1488 Dorum.

202 1568 294 1630 Deus
321 1589 341 1630 a
365 1588 432 1650 quo
465 1575 499 1629 et
524 1566 619 1629 iudas
644 1564 795 1647 proditor
819 1572 928 1627 reatus
951 1565 1001 1626 sui
1026 1585 1168 1646 poenam
1180 1574 1214 1627 et
1230 1564 1357 1628 conses-

155 1656 259 1717 sionis
298 1675 377 1717 suae
417 1654 501 1716 latro
540 1654 725 1734 proemium
763 1653 913 1733 sumpsit
958 1652 1104 1714 concede
1149 1652 1245 1714 nobis
1280 1663 1357 1715 tuae

156 1742 403 1825 propitiationis
432 1740 596 1803 effectum.
621 1752 658 1802 ut
681 1741 766 1802 sicut
790 1740 822 1800 in
847 1738 1001 1819 passione
1023 1759 1084 1800 sua
1107 1740 1193 1802 iesus
1217 1739 1358 1801 christus

156 1831 313 1892 dominus
330 1843 442 1890 noster
456 1828 588 1889 diuersa
603 1827 750 1907 utrisque
766 1826 876 1887 intulit
899 1826 1065 1906 stipendia
1088 1828 1287 1889 meritorum.
1312 1827 1358 1889 ita

157 1917 263 1978 nobis.
301 1914 413 1977 ablato
450 1915 627 1978 uetustatis
665 1933 781 1976 errore
820 1913 1065 1976 resurrectionis
1102 1933 1182 1975 suae
1216 1913 1357 1994 gratiam

157 2003 325 2085 largiatur.
341 2003 397 2082 qui
413 2011 533 2064 tecum.

692 2109 829 2174 Secreta.

201 2216 296 2300 [lpse
317 2217 376 2280 tibi
396 2237 576 2298 quesumus
596 2216 731 2280 domine
751 2223 865 2281 sancte
885 2224 980 2295 pater
1002 2215 1213 2297 omnipotens
1236 2211 1292 2300 [lo.
1311 2229 1360 2295 59.

157 2305 241 2367 deus
256 2303 452 2367 sacrificium
468 2314 618 2367 nostrum
639 2303 756 2365 reddat
772 2313 954 2383 acceptum.
972 2302 1027 2382 qui
1044 2303 1213 2384 discipulis
1236 2304 1303 2364 suis
1327 2304 1358 2365 in

159 2392 208 2454 sui
233 2391 551 2454 commemoratione
574 2389 637 2452 hoc
661 2389 729 2451 fieri
754 2386 915 2451 hodierna
945 2389 1123 2452 traditione
1154 2391 1352 2452 monstrauit

159 2481 247 2541 iesus
262 2478 404 2540 christus
419 2477 575 2540 dominus
592 2487 704 2539 noster

671 2610 851 2690 Praefatio

203 2726 254 2790 (D
271 2744 332 2807 per
346 2724 505 2786 christum
521 2722 694 2786 dominum
711 2732 869 2786 nostrum.
908 2721 1018 2804 Quem
1036 2723 1069 2786 in
1085 2724 1147 2786 hac
1164 2734 1261 2788 nocte
1277 2726 1362 2789 inter

159 2833 270 2875 sacras
285 2812 422 2893 aepulas
437 2811 671 2891 increpantem.
689 2830 782 2872 mens
798 2811 859 2872 sibi
876 2813 1008 2872 conscia
1018 2812 1185 2873 traditoris
1199 2812 1281 2874 serre
1294 2833 1359 2875 non

159 2900 278 2981 potuit.
319 2897 386 2962 Sed
403 2897 630 2979 apostolorum
648 2897 761 2959 relicto
777 2898 944 2959 consortio
966 2899 1137 2979 sanguinis
1161 2901 1323 2980 praetium
1341 2920 1361 2962 a

160 2987 288 3049 iudaeis
329 2985 463 3066 accepit
495 2994 531 3046 ut
562 2985 666 3046 uitam
697 2984 850 3065 perderet
871 3004 972 3064 quam
996 2986 1160 3047 distraxit.
1199 2985 1362 3049 Caenauit

160 3074 261 3153 igitur
276 3071 376 3133 hodie
392 3072 542 3153 proditor
557 3080 697 3133 mortem
713 3090 815 3132 suam.
839 3080 873 3134 et
896 3072 1040 3133 cruentis
1064 3072 1216 3134 manibus
1239 3092 1360 3154 panem

159 3160 202 3222 de
228 3178 329 3221 manu
356 3158 530 3220 saluatoris
550 3157 701 3219 exiturus
717 3158 851 3239 accepit.
875 3168 912 3219 ut
934 3159 1122 3239 saginatum
1146 3158 1232 3239 cybo
1257 3161 1362 3235 maior

160 3265 270 3328 poena
293 3246 540 3327 constringeret„
564 3263 664 3325 quem
680 3263 740 3306 nec
762 3245 881 3306 sacrati
905 3243 981 3326 cybi
1005 3245 1150 3307 conlatio
1173 3246 1215 3307 ab
1239 3246 1361 3309 scelere

161 3341 339 3395 reuocaret
386 3331 514 3393 Patitur
538 3331 650 3410 itaque
673 3329 828 3392 dominus
852 3342 963 3393 noster
994 3331 1081 3394 iesus
1110 3332 1251 3394 christus
1276 3333 1362 3395 filius

160 3431 239 3482 tuus
269 3438 346 3481 cum
378 3418 474 3480 hoste
506 3417 724 3479 nouissimum
754 3418 936 3498 parcipare¹
964 3419 1163 3481 conuiuium.
1189 3440 1208 3481 a
1234 3440 1301 3500 quo
1326 3440 1361 3482 se

160 3514 302 3570 nouerat
325 3505 484 3567 continuo
507 3524 580 3566 esse
604 3504 811 3566 tradendum.
859 3504 907 3567 Ut
934 3505 1129 3587 exemplum
1154 3507 1363 3570 innocentiae

161 3594 290 3656 mundo
304 3591 511 3672 relinqueret.
527 3600 561 3652 et
576 3591 763 3671 passionem
789 3611 882 3652 suam
907 3611 966 3672 pro
989 3593 1109 3654 saeculi
1134 3595 1362 3674 redemptione

161 3678 341 3762 suppleret
388 3679 498 3741 Pascit
515 3677 616 3758 igitur
639 3677 729 3738 mitis
745 3676 827 3739 deus
841 3675 1012 3751 inmitam†
1027 3679 1147 3741 iudam.
1165 3690 1198 3742 et
1221 3681 1362 3743 sustinet

160 3768 237 3849 pius
253 3764 421 3827 crudelem
437 3765 621 3826 conuiuam.
668 3763 734 3845 Qui
752 3765 869 3827 merito
886 3764 1005 3845 laqueo
1020 3786 1080 3827 suo
1096 3768 1260 3846 periturus
1283 3779 1360 3830 erat.

161 3854 308 3935 quiade
335 3852 483 3933 magistri
509 3851 670 3932 sanguine
695 3851 865 3932 cogitarat.
911 3850 942 3914 O
970 3852 1143 3914 dominum
1169 3874 1227 3933 per
1249 3856 1362 3916 omnia

160 3941 355 4023 patientem.
402 3936 433 4000 O
459 3956 582 4019 agnum
608 3937 694 3998 inter
715 3957 791 3999 suas
814 3937 949 4019 aepulas
974 3940 1097 4001 mitem.
1144 3940 1275 4021 Cybum
1293 3942 1362 4003 eius

161 4026 259 4090 iudas
276 4027 308 4087 in
324 4044 382 4088 ore
397 4023 531 4087 serebat.
547 4034 581 4086 et
596 4024 716 4105 quibus
732 4043 807 4086 eum
824 4024 968 4086 traderet
1000 4037 1225 4106 persecutores
1241 4027 1364 4089 aduoc-

160 4114 250 4176 abat
281 4111 340 4174 sed
372 4109 458 4173 tilius
487 4120 564 4173 tuus
595 4112 750 4172 dominus
781 4120 893 4173 noster
917 4122 1089 4192 tamquam
1115 4113 1169 4195 pia
1194 4112 1302 4175 hostia
1329 4123 1364 4177 et

160 4197 328 4262 immolari
352 4217 388 4260 se
411 4198 471 4261 tibi
494 4217 554 4279 pro
569 4195 665 4259 nobis
680 4197 846 4278 patienter
861 4198 1016 4279 permisit.
1033 4209 1067 4262 et
1082 4209 1256 4280 peccatum
1272 4202 1362 4282 quod

160 4287 309 4350 mundus
324 4285 545 4348 commiserat.
562 4283 734 4347 relaxauit.
750 4284 825 4368 sper
850 4304 950 4365 quem
974 4286 1184 4350 maiestatem
1208 4286 1265 4368 [lo.
1292 4301 1361 4369 59v.

158 4385 263 4438 tuam.

635 4482 644 4519 ¹
661 4490 711 4539 For
715 4491 877 4556 participare.
