3046 5092
434 342 544 393 MISSA
568 342 623 391 DE
643 341 803 393 SANCTIS
827 340 1050 394 UIRGINIBUS
1305 349 1352 399 247

686 499 824 565 Secreta.

201 613 341 675 Munera
378 622 455 675 tuae
493 613 675 675 misericors
719 613 809 675 deus.
856 612 1020 674 maiestati
1058 610 1170 674 oblata
1208 609 1352 691 benigno

153 719 334 782 quesumus
371 700 500 782 suscipe
538 700 667 763 intuitu.
705 709 741 763 ut
778 719 892 762 eorum
931 699 1025 761 nobis
1063 696 1235 780 praecibus
1271 694 1353 757 fiant

155 786 312 848 salutaria
334 807 474 867 quorum
498 787 739 850 sacratissimae
762 787 794 848 in
818 786 880 848 hac
910 806 1002 848 sacra
1032 785 1167 848 basilica
1198 782 1353 864 reliquiae

155 882 233 936 sunt
248 873 425 936 recondite.
441 894 507 955 per.

604 995 666 1057 Ad
684 995 907 1076 conplendum.

203 1105 327 1168 Diuina
350 1105 491 1169 libantes
523 1108 680 1189 mysteria
709 1127 888 1189 quesumus
918 1106 1060 1168 domine.
1091 1114 1127 1168 ut
1157 1124 1271 1167 eorum
1295 1122 1355 1164 nos

159 1191 281 1274 ubique
297 1194 486 1255 intercessio
503 1202 663 1275 protegat.
680 1214 820 1276 quorum
837 1193 890 1255 hic
913 1213 1006 1255 sacra
1028 1192 1212 1274 gaudemus
1234 1189 1356 1252 habere

158 1280 349 1361 patrocinia.
366 1299 430 1361 per.

649 1445 742 1507 Iasii
768 1445 873 1507 Acin.

205 1556 401 1638 [Propitiare
416 1576 595 1638 quesumus
611 1556 747 1619 domine
769 1556 864 1619 nobis
889 1556 1019 1619 famulis
1042 1557 1108 1619 tuis
1130 1576 1189 1637 per
1211 1555 1268 1638 [so.
1290 1570 1357 1635 179.

160 1653 350 1706 sanctorum
381 1652 513 1706 tuorum
538 1645 655 1706 merita
677 1643 828 1725 gloriosa
852 1653 888 1707 ut
911 1663 1024 1706 eorum
1048 1644 1103 1725 pia
1126 1641 1358 1704 intercessione

160 1729 204 1793 ab
218 1729 372 1791 omnibus
388 1751 518 1812 semper
533 1739 746 1813 protegamur
761 1731 916 1794 aduersis.
933 1751 998 1812 per.

696 1868 831 1932 Secreta,

206 1980 373 2061 Suscipiat
389 1979 565 2042 clementia
580 1989 638 2043 tua
654 1979 788 2042 domine
804 2000 983 2062 quesumus
999 1980 1041 2043 de
1066 1979 1217 2042 manibus
1240 1978 1361 2041 nostris

164 2087 282 2129 munus
298 2067 457 2129 oblatum.
473 2076 507 2128 et
520 2087 578 2148 per
592 2076 782 2129 sanctorum
798 2077 930 2129 tuorum
955 2068 1120 2130 orationes
1144 2066 1186 2128 ab
1207 2065 1361 2128 omnibus

164 2174 222 2215 nos
238 2153 397 2215 emundet
414 2154 565 2234 peccatis.
583 2173 648 2235 per.

681 2273 863 2352 Praefatio.

206 2386 256 2449 (l)
281 2395 413 2447 aeterne
428 2384 518 2447 deus,
565 2385 623 2447 Pia
639 2385 818 2448 deuotione
839 2396 931 2448 tuam
955 2385 1128 2448 laudantes
1150 2385 1362 2448 clementiam

162 2473 218 2554 qui
235 2473 358 2534 sanctis
375 2472 439 2534 tuis
455 2472 556 2534 talem
573 2471 741 2534 contulisti
757 2472 897 2554 gloriam
909 2481 946 2535 ut
963 2493 1022 2553 pro
1032 2473 1079 2534 tui
1092 2492 1204 2535 amore
1221 2472 1364 2534 nominis

168 2570 240 2621 tota
262 2559 470 2640 despicerent
493 2569 631 2621 terrena.
654 2568 688 2621 et
718 2568 868 2621 amarent
898 2558 1061 2622 caelestia.
1108 2559 1209 2622 Unde
1239 2568 1273 2621 et
1304 2578 1364 2640 pro

165 2666 278 2708 eorum
295 2645 508 2707 ueneratione
524 2646 556 2707 in
573 2645 647 2708 loco
663 2645 873 2726 reliquiarum
891 2645 1030 2708 illorum.
1053 2645 1134 2707 haec
1157 2655 1364 2708 sacramenta

163 2732 281 2795 salutis
297 2740 428 2794 nostrae
445 2741 522 2794 tuae
537 2731 706 2795 offerimus
722 2733 837 2813 pietati
853 2742 889 2794 ut
912 2733 1014 2795 tantis
1031 2752 1091 2813 pro
1106 2733 1202 2794 nobis
1226 2733 1364 2794 interce·

165 2818 321 2881 dentibus
336 2818 492 2900 patronis
509 2819 649 2881 dextera
665 2820 835 2900 potentiae
850 2828 928 2882 tuae
944 2839 1005 2881 nos
1021 2818 1143 2900 ubique
1160 2828 1314 2901 protegat
1330 2828 1364 2882 et

165 2914 266 2986 regat.
283 2926 341 2987 per
356 2904 523 2967 christum.

611 3020 642 3083 A
647 3021 674 3083 d
691 3022 915 3102 corrrplendum.

210 3131 335 3195 Diuina
365 3132 506 3196 libantes
538 3133 696 3214 mysteria
725 3152 811 3214 quae
840 3154 901 3215 pro
931 3133 1148 3196 ueneratione
1173 3142 1363 3195 sanctorum

166 3229 298 3282 tuorum
322 3228 399 3281 tuae
421 3219 602 3282 obtulimus
618 3220 791 3282 maiestati.
815 3229 946 3302 praesta
968 3240 1148 3301 quesumus
1170 3220 1306 3283 domine
1329 3229 1366 3283 ut

165 3327 224 3388 per
234 3326 275 3368 ea
291 3307 423 3368 ueniam
441 3326 625 3369 mereamur
646 3316 866 3388 peccatorum.
890 3316 923 3370 et
947 3306 1097 3370 caelestis
1121 3308 1246 3388 gratiae
1269 3306 1365 3369 donis

163 3392 357 3456 reficiamur.
374 3413 432 3474 per
447 3393 620 3456 dominum
637 3403 794 3456 nostrum.

632 3522 738 3603 Super
743 3522 906 3603 populum.

211 3635 264 3698 Da
280 3645 413 3698 aeterne
429 3634 663 3697 consolationis
679 3645 773 3716 pater
796 3655 853 3716 per
868 3642 1058 3696 sanctorum
1082 3643 1213 3697 tuorum
1233 3653 1368 3714 praeces

161 3721 290 3804 populo
305 3730 363 3784 tuo
379 3741 495 3803 pacem
512 3730 545 3784 et
561 3721 710 3784 salutem.
722 3729 757 3783 ut
770 3721 835 3783 tuis
845 3729 916 3783 tota
926 3720 1102 3783 dilectione
1115 3721 1262 3783 inhereat
1275 3739 1367 3801 prae-

162 3809 278 3957 ccleptis,
303 3818 336 3870 et
362 3828 448 3888 quae
472 3808 532 3870 tibi
557 3806 679 3889 placita
705 3818 782 3870 sunt
806 3815 877 3870 tota
904 3805 1091 3888 perficiant†
1106 3808 1285 3870 uoluntate.
1311 3827 1369 3888 per

187 3914 346 3957 ominum.

449 4027 565 4091 Mrssa
589 4041 637 4090 nu·
660 4027 821 4093 Snucrrs
846 4027 1086 4091 Uncrmssus.

211 4141 238 4202 F
240 4139 438 4222 ragilitatem
456 4147 603 4202 nostram
627 4159 806 4219 quesumus
830 4139 1042 4220 omnipotens
1057 4139 1192 4201 domine
1210 4149 1370 4221 perpetuo

169 4237 316 4290 sustenta
340 4226 528 4289 munimine.
551 4234 585 4288 et
607 4246 666 4307 per
688 4225 831 4307 gloriosa
853 4235 1041 4288 sanctarum
1066 4226 1230 4308 uirginum
1255 4227 1371 4290 merita

170 4332 307 4393 quarum
330 4312 482 4395 [corpora
497 4312 529 4375 in
546 4313 710 4394 praesenti
736 4312 943 4392 requiescunt
967 4312 1042 4374 aula
1068 4313 1175 4375 tribue
1203 4309 1369 4396 [lo.179v.

172 4400 265 4463 nobis
276 4400 443 4462 mundane
459 4398 539 4462 lucis
549 4399 851 4481 prosperitatemet
862 4398 1006 4476 aetherie
1017 4398 1232 4463 beatitudinis
1243 4419 1367 4463 recom-

170 4487 405 4567 pensationem.
421 4505 487 4568 per.
