3046 5092
459 257 574 308 HEBD.
603 258 673 310 IIII.
704 258 839 320 QUADR.
885 259 1000 310 FERIA
1033 259 1061 311 V.

691 452 826 519 Secreta.

204 552 377 636 Supplices
389 552 522 616 domine
538 562 571 615 te
587 571 741 634 rogamus
758 565 794 617 ut
810 552 977 617 sacrificiis
987 563 1124 638 peccata
1137 565 1250 619 nostra
1262 576 1357 620 mun·

160 641 285 703 dentur.
302 641 379 721 quia
394 649 472 702 tunc
487 659 599 702 ueram
616 639 711 702 nobis
731 640 848 703 tribuis
863 650 897 704 et
913 643 1034 706 mentis
1053 654 1087 706 et
1108 644 1254 726 corporis
1268 646 1358 707 sani·

159 739 270 791 tatem.
286 747 345 809 per
358 727 540 791 dominum.

665 838 847 919 Praefatio.

203 945 253 1008 ff)
276 963 334 1025 per
347 942 505 1005 christum
522 942 695 1005 dominum
712 953 870 1006 nostrum.
918 942 983 1025 Qui
1008 943 1261 1008 inluminatione
1277 965 1357 1008 suae

160 1032 236 1096 fidei
263 1030 414 1094 tenebras
440 1028 570 1111 expulit
598 1029 721 1092 mundi.
737 1040 771 1092 et
792 1050 897 1112 genus
924 1031 1108 1095 humanum
1123 1033 1213 1113 quod
1230 1032 1357 1114 primae

160 1118 274 1183 matris
303 1128 414 1179 uterus
443 1115 633 1197 profuderat
657 1135 804 1179 caecum.
831 1117 1065 1181 incarnationis
1090 1139 1169 1180 suae
1197 1120 1356 1198 mysterio

161 1206 303 1270 reddidit
333 1203 574 1265 inluminatum.
635 1202 794 1284 Fecitque
831 1203 917 1266 filios
948 1206 1146 1286 adoptionis.
1176 1206 1233 1286 qui
1265 1217 1356 1268 tene-

160 1294 280 1357 bantur
308 1289 447 1353 uinculis
478 1289 562 1365 iuste
600 1289 855 1371 dampnationis.
918 1291 979 1353 Per
1008 1292 1115 1372 ipsum
1148 1303 1181 1354 te
1211 1294 1356 1374 petimus

160 1392 196 1445 ut
227 1377 309 1442 tales
339 1379 371 1440 in
409 1378 479 1439 eius
510 1377 717 1438 inueniamur
746 1377 926 1439 iustissima
955 1379 1204 1441 examinatione
1241 1379 1357 1461 quales

160 1467 235 1531 facti
259 1485 372 1527 sumus
399 1465 431 1525 in
457 1462 576 1525 lauacri
608 1462 759 1526 salutaris
790 1463 977 1527 felicissima
1001 1466 1258 1547 regeneratione.
1307 1466 1355 1529 Ut

159 1556 228 1617 eius
258 1551 491 1615 incarnationis
530 1551 747 1613 medicamine
785 1551 953 1613 imbuisti¹
992 1554 1192 1615 sacrosancti
1232 1551 1355 1615 lauacri

158 1641 327 1704 ablutione
352 1637 417 1699 loti.
434 1637 661 1718 parsimoniae.
685 1637 863 1700 deuotione
878 1639 993 1701 ornati.
1010 1639 1052 1701 ad
1076 1651 1211 1702 aeterna
1232 1641 1356 1721 gaudia

158 1727 388 1811 perueniamus
404 1723 526 1787 inlaesi.
542 1743 715 1805 perquem
732 1725 940 1788 maiestatem
957 1734 1058 1788 tuam.

606 1871 669 1933 Ad
678 1845 902 1950 corrrplendum.

199 1987 415 2053 Sacramenta
429 2002 514 2064 quae
529 1982 732 2062 sumpsimus
755 1980 890 2043 domine
914 1981 995 2043 deus
1012 1991 1129 2045 noster.
1147 1991 1180 2045 et
1203 1983 1357 2064 spiritali·

157 2077 218 2139 bus
249 2093 309 2136 nos
339 2070 486 2152 repleant
517 2069 682 2131 alimentis
712 2078 746 2131 et
772 2067 1013 2151 corpolralibus
1038 2078 1193 2132 tueantur
1223 2069 1279 2152 [so.
1306 2085 1355 2150 53.

156 2161 296 2227 auxiliis.
312 2178 371 2241 per
386 2157 566 2220 dominum.

608 2283 717 2364 Super
735 2284 897 2365 populum.

200 2403 339 2467 Pateant
354 2417 449 2461 aures
466 2395 707 2459 misericordiae
723 2406 799 2457 tuae
822 2395 957 2458 domine
974 2395 1146 2477 praecibus
1162 2394 1355 2478 supplican-

157 2494 247 2557 tium.
264 2500 296 2551 et
312 2497 348 2548 ut
365 2484 553 2567 petentibus
569 2484 756 2545 desiderata
772 2485 942 2545 concedas.
960 2482 1010 2545 fac
1026 2504 1085 2545 eos
1099 2503 1183 2564 quae
1200 2484 1259 2546 tibi
1277 2495 1356 2547 sunt

157 2579 277 2664 placita
293 2574 467 2657 postulare.
483 2591 541 2653 per
557 2570 728 2631 dominum
746 2581 904 2631 nostrum.

674 2768 793 2831 Fama
809 2768 849 2831 V.

200 2903 332 2965 Praesta
359 2912 539 2976 quesumus
564 2890 698 2952 domine
724 2900 760 2951 ut
791 2889 989 2951 salutaribus
1021 2889 1148 2952 ieiuniis
1177 2891 1308 2953 eruditi.
1338 2912 1358 2953 a

156 2991 264 3056 noxiis
294 2986 394 3048 etiam
434 2980 521 3041 uitiis
552 2977 763 3039 abstinentes
800 2977 1067 3058 propitiationem
1096 2987 1186 3039 tuam
1226 2977 1357 3040 facilius

157 3083 377 3162 impetremus.
394 3089 451 3150 per
463 3066 644 3128 dominum.

688 3174 824 3238 Secreta.

198 3299 335 3368 l'urilrca
360 3316 419 3357 nos
437 3290 619 3353 misericors
643 3288 732 3349 deus.
750 3298 785 3349 ut
809 3286 986 3349 aecclesiae
1011 3297 1088 3349 tuae
1111 3307 1245 3368 praeces
1268 3309 1357 3370 quae

156 3393 213 3458 tibi
242 3398 355 3471 gratae
382 3392 458 3443 sunt
475 3380 530 3460 pia
555 3396 691 3437 munera
718 3374 904 3437 deserentes
929 3373 1009 3436 fiant
1025 3376 1169 3456 expiatis
1186 3379 1357 3441 mentibus

154 3481 318 3565 gratiores.
337 3491 402 3554 per.

663 3565 846 3644 Praefatio

199 3688 248 3751 (ll
279 3692 410 3746 aeterne
434 3677 522 3738 deus.
548 3670 649 3735 Cuius
680 3669 810 3730 bonitas
838 3668 1006 3730 hominem
1038 3668 1195 3730 condidit.
1229 3669 1356 3734 iustitia

154 3770 359 3857 dampuauit.
385 3759 607 3828 misericordia
635 3756 782 3818 redemit.
827 3756 876 3817 Te
904 3755 1071 3817 humiliter
1101 3776 1291 3818 exoramus.
1320 3771 1356 3821 ut

155 3869 237 3931 sicot
264 3879 320 3942 per
344 3853 487 3916 inlicitos
510 3845 677 3928 appetitus
702 3864 721 3904 a
748 3841 846 3903 beata
871 3843 1004 3923 regione
1030 3843 1222 3905 decidimus.
1238 3846 1287 3906 sic
1312 3848 1354 3907 ad

154 3964 322 4020 mternam
352 3941 492 4025 patriam
525 3955 582 4016 per
606 3930 840 3994 abstinentiam
869 3931 1049 3991 redeamus.
1097 3928 1218 4009 Sicque
1241 3934 1358 3994 mode-

156 4053 243 4107 retur
268 4047 324 4098 tua
353 4024 562 4091 irriseratione
586 4029 697 4080 nostra
723 4015 890 4097 fragilitas.
912 4028 948 4077 ut
975 4017 1170 4078 transitoriis
1198 4017 1357 4081 subsidiis

157 4140 269 4195 anona
297 4124 499 4183 sustentetur
528 4106 719 4171 mortalitas.
748 4115 781 4165 et
812 4124 869 4184 per
896 4103 1057 4164 bonorum
1082 4124 1219 4185 operum
1254 4106 1359 4169 inere-

155 4225 268 4283 meata
296 4210 393 4271 beata
423 4200 616 4282 adquiratur
647 4191 872 4254 inmortalitas.
901 4211 959 4272 per
989 4191 1147 4252 christum
1178 4191 1356 4256 dominum

155 4314 312 4372 nostrum.

673 4446 680 4479 ¹
699 4451 748 4498 F0r
760 4448 857 4497 imbuti.
