3046 5092
420 359 475 409 AD
502 359 546 409 CA
554 357 778 409 TICUMINUM
800 356 1037 407 FACIENDUM.

666 591 811 655 Tractus.

173 697 282 763 Uinea
298 696 385 760 sacta
400 705 458 759 est.

661 824 801 891 Collecta.

172 938 264 1001 Deus
309 937 366 1019 qui
411 957 471 999 nos
516 936 558 999 ad
604 935 858 998 caelebrandum
898 934 1052 1017 paschale
1089 942 1332 997 sacramentum

128 1027 300 1106 utriusque
337 1023 529 1087 testamenti
566 1024 696 1105 paginis
734 1023 891 1085 imbuisti.
929 1023 971 1084 da
1010 1021 1104 1084 nobis
1143 1021 1333 1103 intellegere

129 1113 368 1174 misericordias
399 1121 483 1176 tuas.
511 1119 548 1172 ut
577 1131 620 1171 ex
652 1110 864 1192 perceptione
895 1109 1117 1190 praesentium
1150 1129 1332 1171 munerum.

127 1199 223 1261 firma
252 1200 295 1261 sit
326 1196 532 1281 expecltatio
562 1197 755 1260 futurorum.
787 1218 845 1278 per
874 1197 1045 1259 dominum
1078 1216 1152 1257 nos·
1178 1194 1233 1277 [so.
1259 1200 1332 1274 63v.
1410 1192 1414 1197 ’

126 1297 225 1350 trum.
960 1320 961 1323 =

172 1390 268 1453 Haec
283 1399 334 1452 est
350 1387 515 1451 hereditas
531 1407 709 1451 seruorum.

659 1519 802 1585 Collecta.

172 1630 264 1693 Deus
308 1630 365 1713 qui
410 1631 603 1694 aecclesiam
652 1641 743 1694 tuam
790 1651 920 1712 semper
963 1629 1112 1711 gentium
1160 1629 1333 1690 uocatione

127 1717 336 1799 multiplicas.
353 1718 498 1780 concede
514 1718 675 1800 propitius
699 1729 734 1781 ut
757 1739 841 1799 quos
856 1716 961 1800 aquoi
985 1717 1193 1799 baptismatis
1218 1717 1331 1778 abluis.

126 1805 286 1867 continua
301 1806 509 1887 protectione
527 1807 655 1868 tuearis,
704 1806 773 1868 Per.

665 1941 810 2007 Tractus.

171 2045 266 2109 Sicut
282 2066 406 2109 ceruus.

660 2172 800 2240 Collecta.

172 2285 328 2349 Concede
353 2306 534 2366 quesumus
560 2286 771 2368 omnipotens
796 2286 878 2348 deus
902 2293 938 2348 ut
968 2285 1024 2366 qui
1049 2285 1133 2348 festa
1163 2285 1331 2366 paschalia

127 2374 259 2453 agimus
275 2372 471 2437 caelestibus
486 2374 656 2435 desideriis
673 2374 800 2435 accensi
818 2372 943 2435 sontem
968 2373 1057 2434 uitae
1080 2373 1238 2435 sitiamus.
1262 2393 1329 2453 per.

172 2456 397 2540 Omnipotens
412 2461 613 2541 sempiterne
628 2460 711 2522 deus
734 2460 858 2541 respice
880 2460 1042 2540 propitius
1058 2459 1099 2520 ad
1116 2459 1330 2521 deuotionem

128 2545 244 2627 populi
270 2548 478 2609 renascentis.
494 2547 551 2628 qui
566 2545 651 2608 sicut
667 2566 784 2608 ceruus
806 2566 965 2626 aquarum
990 2546 1121 2626 expetit
1145 2546 1281 2608 fontem,
1298 2555 1331 2608 et

126 2634 274 2695 concede
306 2633 474 2714 propitius.
505 2642 542 2695 ut
573 2631 649 2695 fidei
689 2633 790 2714 ipsius
828 2633 899 2693 sitis
933 2632 1142 2712 baptismatis
1173 2634 1332 2714 mysterio

126 2720 273 2781 animam
291 2739 476 2801 corpusque
492 2719 683 2782 sanctificet.
700 2740 759 2802 per
773 2720 947 2781 dominum
964 2729 1122 2782 nostrum.

176 2905 483 2988 luc1e1sottno[.
528 2954 536 2970 .
580 2955 587 2970 .
632 2905 1018 2988 ]AocAT1cur11uun
1043 2909 1289 2972 Factuuuuut}

179 3015 224 3080 Ut
245 3026 353 3079 autem
375 3018 524 3080 uenerint
545 3017 594 3079 au'
610 3018 791 3080 aecclessiam
813 3017 1000 3080 scribantur
1020 3024 1151 3081 nouu'na
1172 3039 1280 3082 aarum
1302 3028 1334 3083 et

126 3102 140 3184 [
143 3152 516 3168 ........
519 3104 532 3187 ]
547 3105 676 3184 ferm'ne
696 3126 770 3167 uero
783 3105 818 3166 in
840 3104 1020 3167 sinistram.
1031 3116 1062 3167 et
1078 3106 1182 3167 rnz'ttet
1197 3127 1331 3169 areanum

125 3199 226 3269 super
247 3189 380 3272 ταμίη
381 3237 753 3254 ........
757 3191 769 3272 ]

174 3276 307 3338 Recede
329 3276 461 3340 diabole
483 3278 526 3341 ab
548 3277 611 3340 hac
634 3279 779 3359 imagine
802 3278 854 3341 dei
879 3278 1066 3360 increpatus
1089 3277 1132 3340 ab
1162 3299 1202 3341 eo
1232 3288 1266 3343 et
1288 3282 1332 3345 da

131 3362 244 3425 locum
260 3364 387 3445 spiritui
399 3374 528 3427 sancto.

181 3449 213 3511 Τ
209 3470 271 3511 unc
283 3450 380 3532 signa
394 3470 467 3512 eum
480 3451 515 3512 in
532 3451 659 3513 nomine
666 3449 779 3532 patris
790 3460 820 3512 et
822 3451 899 3534 filii
909 3460 941 3512 et
953 3451 1090 3531 spiritus
1104 3453 1215 3514 sancti.

176 3535 282 3617 Signo
298 3548 331 3598 te
354 3537 525 3618 signaculo
541 3538 594 3599 dei
618 3539 720 3619 patris
732 3547 766 3600 et
789 3537 846 3600 filii
870 3548 902 3600 et
919 3539 1051 3618 spiritus
1067 3539 1181 3603 sancti.
1227 3538 1332 3622 Signo

127 3622 246 3685 oculos
266 3635 342 3685 tuos
365 3635 402 3687 ut
425 3625 539 3686 uideas
562 3624 746 3686 claritatem
762 3623 824 3686 dei.
871 3624 980 3687 Aures
996 3634 1033 3686 ut
1056 3625 1170 3687 audias
1195 3626 1332 3690 uirtutes

128 3709 210 3772 eius
256 3708 361 3772 Nares
379 3720 414 3772 ut
430 3712 593 3792 percipias
607 3712 744 3773 odorem
760 3711 934 3773 suauitatis
952 3711 1030 3773 eius.
1077 3710 1143 3774 Cor
1158 3721 1194 3775 ut
1217 3714 1331 3776 credas

128 3796 165 3857 in
180 3815 266 3858 eum.
312 3795 361 3860 Os
377 3807 414 3860 ut
429 3796 615 3860 confitearis
639 3798 693 3861 illi.
739 3797 955 3879 Signaculum
972 3798 1024 3859 dei
1048 3799 1150 3879 patris
1172 3808 1205 3861 et
1221 3798 1278 3861 filii
1297 3810 1330 3863 et

127 3883 264 3963 spiritus
294 3885 409 3946 sancti.
448 3894 507 3946 tuo
549 3885 679 3965 integro
710 3885 838 3966 corpori
875 3885 998 3965 inpono
1042 3885 1132 3965 quod
1157 3892 1190 3947 te
1212 3906 1330 3949 sanum

124 3967 237 4031 saciat.
253 3971 343 4031 omni
355 3979 525 4051 temporae
540 3971 629 4033 uitae
643 3967 772 4053 tuaesut
783 3969 908 4033 nullam
919 3969 1039 4032 habeat
1053 3971 1204 4033 diabolus
1214 3971 1269 4053 [so
1280 3974 1331 4052 64.

126 4066 257 4136 partem
275 4055 327 4117 uel
343 4067 544 4137 potestatem
562 4058 604 4119 de
619 4067 661 4121 te.
677 4058 735 4120 sed
759 4059 888 4120 trinitas
911 4055 1042 4132 diuino†
1058 4069 1173 4139 regnet
1199 4059 1231 4120 in
1250 4068 1282 4121 te
1298 4061 1331 4121 in

124 4143 259 4205 saecula
274 4141 490 4206 saeculorum.
510 4163 621 4208 amen.

159 4322 170 4358 ¹
185 4327 250 4377 This
261 4328 317 4377 title
327 4329 377 4378 and
423 4337 444 4378 rt
456 4329 486 4378 of
491 4329 535 4379 tbe
546 4328 674 4394 following
686 4328 768 4379 rubric
780 4329 844 4380 bave
856 4331 919 4380 been
931 4330 1028 4379 written
1041 4330 1067 4378 in
1079 4331 1146 4389 blne,
1160 4331 1208 4380 and
1220 4348 1262 4380 are
1273 4349 1330 4383 now

124 4393 209 4468 partly
220 4393 338 4458 illegible.
415 4411 430 4445 e
441 4395 523 4444 words
534 4402 561 4444 to
572 4395 604 4444 be
620 4395 734 4508 supplied
752 4395 777 4442 in
789 4395 832 4445 the
843 4395 952 4459 heading
962 4411 1003 4445 are
1015 4396 1121 4459 perhaps
1136 4399 1153 4421 ‘⁴
1161 4397 1191 4445 nd
1202 4398 1292 4447 electos
1302 4398 1331 4448 ”z

124 4458 170 4507 the
186 4465 239 4507 trrst
251 4459 329 4507 blanlt
340 4458 367 4508 in
378 4459 422 4509 the
433 4460 515 4509 mtric
526 4459 617 4509 should
661 4475 672 4508 r
691 4475 736 4524 aps
754 4460 786 4508 be
806 4461 873 4509 filled
893 4476 928 4524 up
947 4461 980 4524 by
998 4463 1158 4509 “statuantur
1178 4464 1280 4513 masculi
1300 4465 1332 4514 ad

124 4521 284 4584 dextenm‚’'
295 4522 339 4575 the
351 4524 443 4576 second
455 4524 488 4590 by
499 4523 561 4576 such
571 4540 611 4576 wo
640 4539 691 4575 sas
704 4526 722 4552 ¹‘
730 4532 754 4574 et
766 4524 872 4576 insufflet
884 4525 910 4575 in
921 4541 965 4575 ora
975 4525 1128 4590 singulorum
1139 4525 1250 4577 dicens.”
