3046 5092
446 327 531 377 KAL.
561 327 647 380 AUG.
677 327 765 378 NAT.
796 327 824 377 S.
854 326 1140 380 ATHELUUOLDI.
1346 341 1392 395 193

280 508 373 572 KAL.
399 508 496 573 Auo.
519 521 571 571 An
595 507 774 573 Unicum
798 508 938 574 Snucrr
963 511 1079 574 Parin
1103 510 1301 575 Aposrom.

230 638 324 702 Deus
338 638 395 720 qui
420 638 556 701 beatum
578 646 708 719 petrum
725 637 914 719 apostolum
931 659 951 701 a
968 638 1107 702 uinculis
1123 639 1314 703 absolutum
1338 640 1388 703 in·

184 724 307 808 lesum)
322 726 413 788 abire
429 723 542 787 fecisti.
560 734 747 787 nostrorum
764 745 945 806 quesumus
961 726 1098 789 absolue
1122 726 1255 789 uincula
1277 727 1385 809 [138v.

184 822 397 895 peccatorum
414 822 447 874 et
463 811 576 874 omnia
593 809 681 873 mala
697 831 716 873 a
732 812 827 874 nobis
843 813 1041 894 propitiatus
1058 813 1207 876 exclude.
1225 834 1290 896 per.

719 948 856 1012 Secreta.

229 1059 391 1125 Oblatum
417 1060 475 1122 tibi
503 1059 637 1122 domine
668 1058 863 1123 sacrificium
895 1058 1082 1133 uiuificent†
1106 1082 1167 1124 nos
1198 1082 1330 1144 semper
1353 1072 1386 1126 et

185 1149 322 1210 muniat.
339 1167 404 1229 per.

641 1265 702 1328 Ad
712 1267 936 1347 complendum.

229 1381 384 1463 Corporis
428 1379 510 1441 sacri
558 1388 591 1441 et
639 1380 794 1460 praetiosi
841 1380 1011 1461 sanguinis
1058 1381 1172 1462 repleti
1219 1381 1383 1445 libamine.

183 1488 366 1550 quesumus
381 1468 516 1530 domine
540 1467 622 1528 deus
649 1477 768 1528 noster.
796 1477 833 1529 ut
856 1466 946 1547 quod
963 1469 1018 1549 pia
1034 1468 1210 1530 devotione
1230 1470 1383 1550 gerimus.

184 1565 274 1618 certa
291 1555 519 1635 redemptione
535 1554 713 1635 capiamus
731 1573 789 1635 per
804 1553 985 1616 dominum.

382 1738 520 1800 Eonuu
544 1737 617 1800 Dm
640 1750 702 1800 vn.
727 1736 915 1801 Faunum
938 1750 1019 1801 cun
1044 1738 1190 1802 MATRE.

230 1857 390 1920 Fraterna
406 1878 466 1920 nos
482 1857 616 1920 domine
634 1866 817 1938 martyrum
834 1866 966 1921 tuorum
983 1878 1104 1922 corona
1121 1857 1283 1922 laetificet.
1300 1879 1386 1941 quae

184 1954 218 2007 et
235 1943 310 2008 fidei
327 1956 459 2007 nostrae
480 1944 637 2027 praebeat
660 1945 877 2007 incitamenta
900 1947 1069 2008 uirtutum.
1086 1954 1119 2007 et
1136 1945 1309 2028 multiplici
1326 1966 1386 2007 nos

186 2030 344 2113 suffragio
360 2031 557 2094 consoletur.
575 2052 640 2113 per.

721 2150 858 2214 Secreta.

231 2254 357 2318 Iterata
387 2255 546 2336 mysteria
575 2255 711 2318 domine
741 2275 801 2336 pro
827 2264 1018 2317 sanctorum
1048 2265 1232 2335 martyrum
1263 2256 1387 2319 deuota

188 2351 298 2405 mente
314 2352 503 2404 tractamus.
519 2342 641 2422 quibus
657 2342 753 2404 nobis
762 2351 796 2403 et
809 2343 1010 2423 praesidium
1027 2353 1153 2405 crescat
1169 2353 1202 2406 et
1218 2343 1387 2425 gaudium.

188 2449 245 2510 per
259 2428 443 2492 dominum.

705 2548 885 2627 Praefatio.

228 2652 279 2717 (f)
296 2663 430 2714 aeterne
442 2653 532 2714 deus.
548 2652 627 2732 quia
652 2649 727 2713 licet
752 2652 785 2713 in
812 2652 960 2714 omnium
987 2662 1176 2715 sanctorum
1200 2662 1332 2715 tuorum
1349 2662 1385 2716 tu

187 2738 227 2802 sis
258 2740 395 2802 domine
425 2740 630 2820 protectione
647 2737 812 2800 mirabilis.
843 2739 876 2800 in
907 2737 958 2799 his
989 2747 1101 2800 tamen
1125 2739 1268 2821 speciale
1290 2750 1384 2802 tuum

187 2842 308 2888 munus
346 2826 564 2906 agnoscimus
599 2845 683 2905 quos
725 2823 839 2887 iratres
876 2834 965 2886 sorte
1007 2827 1164 2887 nascendi
1210 2825 1386 2907 magnifica

185 2912 378 2991 praestitisti
403 2913 556 2992 passione
580 2930 765 2992 germanos.
826 2910 874 2974 Ut
900 2910 998 2974 simul
1026 2921 1113 2974 esset
1136 2922 1170 2974 et
1195 2915 1385 2976 ueneranda

181 2999 290 3077 gloria
305 2999 482 3079 genitricis,
497 3008 531 3061 et
547 2997 779 3060 florentissima
794 2997 903 3079 proles
918 2998 1084 3060 ecclesiae.
1100 3008 1133 3061 et
1149 3000 1231 3062 ideo.

632 3134 694 3196 Ad
704 3134 929 3215 complendum.

224 3245 365 3307 Praesta
388 3264 570 3324 quesumus
596 3245 808 3326 omnipotens
835 3244 925 3307 deus.
954 3255 989 3307 ut
1013 3265 1154 3325 quorum
1188 3246 1382 3308 memoriam

157 3331 382 3394 sacramenti
409 3331 660 3413 participatione
685 3331 867 3394 recolimus.
893 3330 992 3394 fidem
1023 3352 1156 3413 quoque
1180 3331 1384 3414 proficiendo

151 3428 358 3481 sectemur.
374 3438 433 3499 per
447 3418 619 3480 dominum
637 3428 795 3480 nostrum.

426 3602 561 3664 Eouau
588 3600 661 3663 Du:
685 3602 827 3666 sinen
850 3600 1143 3664 Arfluuuuouor.

227 3722 321 3785 Deus
351 3724 407 3803 qui
438 3723 472 3784 in
502 3720 659 3804 praeclari
690 3721 806 3783 sideris
842 3723 948 3783 sancti
982 3720 1148 3803 pontificis
1177 3720 1382 3783 atheluuoldi

138 3810 329 3890 ³pisc0pi
349 3808 594 3891 inlustrastione
609 3828 731 3871 nouam
749 3808 880 3890 populis
892 3808 1074 3890 anglorum.
1087 3808 1230 3870 tribuisti
1241 3807 1296 3889 [so.
1314 3823 1382 3887 139.

141 3901 290 3957 ucem
322 3895 482 3958 hodierna
511 3896 565 3958 die
595 3894 779 3957 clarescere.
811 3906 903 3957 tuam
938 3894 1129 3976 suppliciter
1166 3894 1382 3976 imploramus

138 3969 404 4044 :lementiam
436 3992 472 4044 ut
504 3983 596 4044 cuius
630 3982 820 4062 magisterio
850 3982 952 4043 totius
983 3982 1150 4063 religionis
1181 3983 1382 4044 documenta

138 4068 410 4149 :ognouimus
456 4067 542 4131 illius
580 4078 613 4131 et
649 4068 814 4150 exemplis
858 4067 1082 4131 informemur.
1119 4078 1153 4131 et
1190 4069 1380 4150 patrociniis

138 4146 388 4218 *diruemus
404 4175 463 4237 per
477 4156 660 4219 dominum.

737 4274 829 4340 Alia.

219 4380 320 4451 Deus
346 4388 403 4470 qui
430 4386 625 4452 hodiernam
649 4388 736 4452 diem
767 4386 857 4451 beati
881 4386 1078 4450 confessoris
1105 4387 1152 4449 tui
1176 4385 1382 4449 atheluuoldi

160 4468 539 4631 ‘Pilsqupqgrggsituml
553 4475 650 4538 nobis
670 4474 897 4538 honorabilem
919 4474 1088 4538 dedicasti.
1104 4473 1252 4624 concedg
1272 4474 1382 4557 propi·

138 4720 156 4815 l
