3046 5092
446 345 501 396 AD
527 344 573 395 CA
579 342 640 393 TIC
643 343 807 394 UMINUM
825 342 1061 395 FACIENDUM.
1325 355 1357 406 95

154 500 209 562 die
224 519 262 562 ac
275 506 383 562 nocte.
428 498 478 561 Te
492 517 673 580 quesumus
684 496 827 559 domine.
845 505 880 559 ut
897 497 1028 558 mittere
1043 495 1187 577 digneris
1203 504 1356 558 sanctum

155 587 312 668 angelum
336 595 431 648 tuum
454 595 491 648 ut
513 584 664 647 similiter
686 584 852 647 custodiat
874 593 908 646 et
924 583 1011 645 hunc
1026 582 1203 666 [famulum
1228 581 1282 662 [fo.
1305 584 1357 661 65.

155 684 250 736 tuum
267 674 311 735 ill.
328 682 361 735 et
378 673 537 754 perducat
559 691 635 734 eum
648 671 690 732 ad
707 671 848 751 gratiam
865 669 1022 751 baptismi
1039 669 1095 732 tui.
1141 668 1232 750 Ergo
1257 669 1357 731 male-

156 762 245 824 dicte
268 759 401 823 diabole
424 778 623 841 recognosce
653 758 854 820 sententiam
879 767 971 820 tuam
995 766 1028 819 et
1044 757 1088 818 da
1110 754 1270 818 honorem
1294 757 1359 818 deo

157 848 237 910 uiuo
268 856 302 909 et
333 867 420 909 uero.
452 846 496 907 da
526 846 696 907 honorem.
721 845 790 906 iesu
825 843 948 906 christo
975 842 1043 904 filio
1073 843 1143 904 eius
1173 854 1206 905 et
1230 843 1357 924 spiritui

157 943 276 996 sancto
308 943 341 996 et
365 934 481 996 recede
504 931 548 993 ab
572 932 635 993 hoc
659 930 784 992 famulo
810 931 872 993 dei.
903 930 981 1011 quia
1007 931 1106 992 istum
1138 930 1199 991 sibi
1225 930 1361 992 denset

157 1021 314 1083 dominus
331 1031 443 1082 noster
459 1019 544 1080 iesus
561 1018 702 1080 christus
718 1018 760 1079 ad
777 1037 870 1078 suam
887 1017 1028 1098 gratiam
1044 1026 1077 1079 et
1094 1016 1359 1078 benedictionem

157 1107 352 1187 fontemque
368 1106 580 1187 baptismatis
599 1106 688 1167 dono
705 1124 823 1165 uocare
846 1104 1002 1184 dignatus
1018 1114 1068 1165 est
1084 1114 1117 1165 et
1140 1103 1203 1165 hoc
1227 1103 1358 1184 signum

157 1203 294 1257 sanctae
310 1195 415 1256 crucis
431 1192 520 1274 quod
546 1211 606 1253 nos
624 1190 722 1253 fronti
739 1191 809 1253 eius
832 1191 961 1253 damus.
976 1200 1012 1253 tu
1030 1190 1204 1252 maledicte
1228 1189 1360 1252 diabole

158 1300 342 1363 numquam
359 1280 483 1343 audeas
499 1278 631 1341 uiolare.
648 1299 715 1360 per.

451 1411 474 1474 Ι
472 1422 576 1474 terum
583 1411 675 1490 sacis
689 1430 810 1474 crucem
827 1410 861 1472 in
868 1410 984 1489 fronte
996 1412 1072 1473 eius.

204 1525 297 1588 Deus
328 1524 504 1587 inmortale
535 1523 736 1604 praesidium
767 1523 915 1585 omnium
941 1522 1181 1604 postulantium
1212 1522 1363 1585 liberatio

160 1613 348 1695 supplicum
362 1632 429 1692 pax
443 1612 640 1692 rogantium.
654 1611 723 1672 uita
735 1611 940 1671 credentium
954 1611 1146 1672 resurrectio
1158 1623 1362 1673 mortuorum

160 1711 195 1764 te
211 1701 330 1763 inuoco
346 1699 481 1760 domine
497 1718 596 1778 super
611 1698 699 1759 hunc
713 1696 872 1758 famulum
890 1707 982 1758 tuum
1008 1697 1052 1759 ill.
1069 1698 1125 1777 qui
1143 1696 1298 1777 baptismi
1315 1697 1362 1758 tui

161 1789 289 1849 donum
305 1796 422 1867 petens
435 1794 603 1847 aeternam
621 1785 778 1864 consequi
795 1784 936 1864 gratiam
954 1783 1090 1865 spiritali
1115 1784 1364 1864 regeneratione

162 1874 331 1936 desiderat
346 1873 459 1952 accipe
469 1891 545 1933 eum
559 1872 695 1933 domine
711 1882 744 1932 et
760 1871 837 1950 quia
852 1871 1010 1950 dignatus
1026 1891 1061 1932 es
1077 1870 1194 1933 dicere.
1212 1870 1315 1951 petite
1330 1878 1363 1931 et

162 1959 340 2042 accipietis.
378 1959 526 2040 quaerite
564 1969 598 2020 et
629 1957 812 2020 inuenietis,
839 1957 969 2039 pulsate
996 1966 1029 2019 ct
1066 1957 1231 2037 aperietur
1261 1956 1364 2018 uobis,

163 2047 290 2129 petenti
314 2046 426 2126 itaque
441 2044 625 2126 praemium
650 2044 780 2125 porrige
802 2053 836 2105 et
852 2045 983 2104 ianuam
1008 2044 1118 2124 pande
1133 2043 1308 2124 pulsandi¹
1328 2052 1364 2105 ut

162 2144 334 2196 aeternam
365 2131 515 2194 caelestis
539 2130 660 2192 lauacri
692 2130 958 2192 benedictionem
981 2141 1179 2193 consecutus
1203 2130 1367 2211 promissa

162 2222 212 2284 tui
230 2219 375 2282 muneris
391 2237 492 2300 regna
507 2218 677 2299 percipiat.
693 2237 760 2298 per.

718 2353 810 2416 Alia.

211 2467 304 2531 Audi
329 2466 506 2530 maledicte
529 2475 663 2527 satanas
685 2466 856 2528 adiuratus
879 2487 937 2547 per
960 2487 1081 2529 nomen
1109 2468 1233 2529 aeterni
1257 2468 1310 2530 dei
1333 2479 1367 2531 et

165 2554 345 2619 saluatoris
375 2554 478 2616 nostri
508 2551 566 2614 tilii
605 2554 675 2614 eius
708 2572 783 2614 cum
822 2564 878 2615 tua
916 2554 1023 2616 uictus
1062 2555 1186 2615 inuidia
1224 2566 1368 2618 tremens

166 2661 374 2725 gemensque
389 2639 531 2703 discede.
577 2638 669 2700 Nihil
687 2639 746 2701 tibi
764 2639 806 2701 sit
822 2660 999 2702 commune
1015 2661 1090 2702 cum
1113 2661 1209 2702 seruo
1225 2643 1277 2704 dei
1302 2645 1368 2704 iam

166 2729 325 2792 caelestia
352 2727 520 2808 cogitanti.
551 2726 769 2788 renuntiatori
800 2727 859 2788 tibi
887 2747 925 2788 ac
949 2727 1081 2789 saeculo
1107 2738 1166 2789 tuo
1190 2738 1224 2790 et
1250 2729 1369 2791 beatae

168 2815 418 2879 inmortalitatis
449 2813 573 2876 uictori.
629 2813 683 2874 Da
713 2814 813 2892 igitur
836 2814 995 2875 honorem
1026 2814 1215 2877 aduenienti
1241 2816 1369 2896 spiritui

169 2912 288 2965 sancto
325 2901 380 2982 qui
419 2921 462 2961 ex
500 2919 631 2961 summa
669 2899 749 2961 caeli
788 2920 883 2962 arcae
920 2902 1124 2963 descendens
1169 2902 1370 2982 proturbatis

169 2989 342 3052 fraudibus
374 2987 438 3049 tuis
463 2987 579 3049 diuino
604 2985 695 3047 fonte
719 2985 1037 3069 purgatumlpectus.
1071 2989 1103 3050 id
1136 2998 1186 3049 est
1218 2987 1272 3069 [sn.
1297 2991 1368 3067 65v.

169 3073 415 3137 sanctificatum
446 3073 510 3135 deo
540 3072 702 3153 templum
732 3084 766 3134 et
797 3073 1022 3135 habitaculum
1054 3073 1226 3155 proficiat.²
1257 3085 1289 3138 et
1328 3077 1371 3138 ab

170 3162 327 3224 omnibus
357 3161 510 3241 poenitus
547 3157 682 3233 noctiisi
712 3161 963 3240 praeteritorum
1005 3162 1179 3223 criminum
1215 3163 1371 3225 liberatus

171 3268 287 3311 seruus
313 3247 367 3309 dei
392 3248 516 3328 gratias
540 3245 699 3327 perhenni
730 3247 794 3308 deo
816 3249 960 3328 semper³
984 3247 1114 3310 referat³
1137 3259 1171 3311 ct
1197 3249 1372 3313 benedicat

173 3354 296 3398 nomen
318 3335 390 3395 eius
412 3343 564 3394 sanctum
581 3333 613 3393 in
630 3333 762 3394 saecula
784 3334 998 3396 saeculorum.
1016 3355 1081 3415 per.

218 3421 384 3484 Exorcizo
397 3429 429 3482 te
442 3419 600 3481 inmunde
612 3420 747 3500 spiritus
759 3421 791 3481 in
805 3421 939 3482 nomine
950 3423 1058 3502 patris.
1070 3430 1103 3482 et
1120 3420 1176 3484 filii
1193 3432 1227 3485 et
1239 3424 1373 3505 spiritus

173 3509 280 3570 sancti
303 3516 340 3568 ut
363 3527 464 3568 exeas
487 3515 521 3567 et
545 3505 679 3566 recedas
703 3506 744 3567 ab
768 3505 830 3569 hoc
859 3506 984 3569 famulo
1010 3508 1074 3569 dei.
1103 3509 1172 3589 ipse
1199 3511 1286 3572 enirn
1312 3511 1372 3573 tibi

174 3596 317 3676 imperat
331 3593 506 3668 maledicte
518 3592 700 3672 dampnate
712 3593 767 3672 qui
785 3594 925 3675 pedibus
936 3614 1034 3674 super
1044 3616 1133 3656 mare
1145 3597 1329 3659 ambulauit
1341 3608 1376 3660 et

175 3692 272 3764 petro
287 3681 450 3760 mergenti
466 3679 640 3741 dexteram
658 3681 816 3760 porrexit.
864 3681 954 3761 Ergo
971 3681 1147 3759 maledicte
1161 3693 1199 3744 ut
1210 3694 1317 3763 supra.

260 3839 362 3902 ⁴lstas
376 3848 441 3900 tres
456 3848 554 3918 super
568 3835 725 3899 masculos
742 3835 754 3918 [
755 3885 1021 3900 ......
1024 3838 1037 3921 ]
1052 3841 1310 3921 srqoersemt'nas.

221 3951 315 4014 Deus
330 3950 412 4012 caeli
428 3950 510 4012 deus
526 3958 639 4011 terrae.
656 3949 739 4011 deus
762 3947 965 4028 angelorum.
989 3949 1071 4012 deus
1095 3951 1377 4033 archangelorum.

176 4039 260 4101 deus
273 4037 517 4120 prophetarum.
534 4036 616 4098 deus
633 4045 826 4115 martyrum.
842 4035 924 4097 deus
940 4037 1114 4117 uirginum.
1131 4039 1212 4100 deus
1228 4041 1378 4102 omnium

176 4125 263 4189 bene
279 4125 472 4188 uiuentium.
488 4123 570 4185 deus
586 4122 638 4184 cui
654 4123 763 4183 omnis
779 4119 893 4202 lingua
913 4122 1095 4187 confitetur.
1112 4135 1146 4188 et
1168 4145 1267 4187 omne
1290 4147 1378 4208 genu

212 4323 220 4356 ¹
239 4328 290 4378 For
295 4327 423 4392 pulsanti.
702 4319 712 4351 ²
729 4324 779 4371 1¹0¹
786 4322 906 4386 perstam-

210 4389 223 4423 ³
239 4395 323 4444 These
339 4393 421 4442 words
436 4406 478 4440 are
494 4388 597 4439 marked
615 4390 648 4452 by
664 4405 679 4437 a
696 4389 757 4437 later
774 4388 840 4437 hand
856 4388 894 4437 ior
911 4391 1094 4456 transposition.
1131 4394 1232 4460 Semper
1247 4395 1267 4444 is
1283 4396 1380 4446 written

176 4473 403 4583 orfrTapisepusprrit,
416 4521 513 4571 written
525 4519 551 4569 in
563 4519 630 4579 blue,
643 4518 663 4568 is
674 4534 731 4568 now
743 4519 823 4584 partly
835 4519 952 4584 illegible.
