3046 5092
575 349 674 398 otoo
698 347 940 398 BAPTIZANDI.
1321 359 1353 407 99

201 501 392 564 Descendat
423 499 455 562 in
486 498 571 563 hanc
602 499 843 580 plenitudinem
875 498 982 560 fontis.
1000 499 1103 561 uirtus
1133 499 1268 580 spiritus
1293 501 1349 561 tui.

156 599 331 669 totamque
346 588 443 650 huius
459 606 565 669 aquae
580 586 800 648 substantiam
818 586 1032 667 regenerandi
1050 585 1203 648 secundet
1220 585 1349 648 effectu.

157 674 210 736 hic
240 675 390 736 omnium
421 684 632 755 peccatorum
670 673 819 734 maculae
856 672 1035 735 deleantur.
1066 671 1119 734 hic
1153 683 1270 734 natura
1307 674 1349 734 ad

159 763 339 842 imaginem
355 770 447 823 tuam
464 762 606 822 condita.
623 769 656 821 et
679 761 720 822 ad
744 758 904 821 honorem
929 760 976 820 sui
1001 759 1176 822 reformata
1192 760 1350 841 principii.

157 850 285 910 cunctis
308 849 483 910 uetustatis
510 846 717 928 squaloribus
743 846 947 908 emundetur.
972 857 1009 907 ut
1034 847 1142 908 omnis
1165 847 1266 908 homo
1289 846 1351 908 hoc

157 944 400 997 sacramentum
418 935 673 1016 regenerationis
684 934 848 1013 ingressus
865 934 897 993 in
914 953 990 994 uere
1005 934 1212 995 innocentiae
1229 954 1350 995 nouam

159 1020 333 1084 infantiam
351 1030 547 1083 renascatur,
564 1041 629 1102 per.

202 1108 244 1170 H
242 1108 271 1170 ic
279 1108 392 1169 mittas
405 1109 526 1170 crisma
541 1108 575 1168 in
592 1105 721 1168 modum
731 1107 833 1168 crucis
846 1115 878 1166 et
891 1106 1070 1168 commisces
1084 1127 1155 1168 cum
1172 1106 1241 1187 ipso
1255 1128 1351 1187 aquo.

158 1204 189 1256 ct
205 1195 377 1276 interroget
384 1193 545 1275 presbiter
551 1193 632 1274 quid
643 1193 775 1254 uocaris.
821 1194 876 1274 Rt}

204 1281 319 1345 Credis
351 1283 383 1343 in
414 1284 513 1344 deum
545 1291 673 1363 patrem
704 1280 968 1361 omnipotentem
999 1291 1180 1342 creatorem
1211 1279 1292 1341 caeli
1319 1291 1352 1342 et

158 1374 288 1430 terrae?

204 1456 246 1535 ld.
293 1455 402 1518 Credo

205 1541 321 1605 Credis
336 1552 370 1603 et
387 1543 418 1602 in
436 1541 540 1603 iesum
557 1540 715 1602 christum
731 1538 836 1602 filium
854 1540 923 1601 eius
943 1540 1075 1601 unicum
1089 1540 1260 1602 dominum
1279 1561 1352 1602 nos-

161 1640 250 1690 trum
267 1629 323 1710 qui
339 1639 519 1709 conceptus
535 1637 585 1689 est
602 1628 643 1689 de
659 1628 775 1709 spiritu
786 1635 910 1688 sancto,
927 1637 1024 1687 natus
1041 1647 1084 1688 ex
1097 1627 1201 1688 maria
1216 1629 1354 1709 uirgine.

161 1735 280 1796 passus
310 1714 372 1777 sub
402 1715 518 1795 pontio
548 1715 659 1795 pilato.
684 1712 861 1775 crucifixus
886 1723 1034 1774 mortuus
1057 1724 1090 1775 et
1113 1715 1271 1794 sepultus.
1296 1721 1354 1777 de-

160 1801 292 1863 scendit
318 1803 359 1863 ad
386 1800 512 1863 inferna
538 1801 635 1863 tertia
658 1800 714 1861 dia
738 1800 914 1861 resurrexit
949 1822 969 1860 a
1002 1801 1146 1862 mortuis.
1192 1800 1355 1863 Ascendit

161 1889 206 1950 ad
237 1886 354 1950 caelos.
385 1887 479 1950 sedet
506 1888 548 1949 ad
580 1888 754 1949 dexteram
786 1887 839 1949 dei
871 1887 973 1967 patris
1002 1888 1247 1968 omnipotentis.
1280 1888 1356 1949 inde

162 1984 323 2037 uenturus
338 1985 388 2036 est
405 1971 660 2058 iudicareluiuos
676 1984 710 2036 et
726 1978 897 2035 mortuos?
1211 1973 1268 2056 [io
1284 1975 1356 2036 osv.

208 2060 327 2124 Credo,

208 2147 323 2210 Credis
339 2156 372 2209 et
388 2147 421 2209 in
438 2147 588 2228 spiritum
608 2154 759 2209 sanctum
776 2154 924 2207 sanctam
942 2146 1134 2208 aecclesiam
1151 2147 1356 2210 catholicam.

160 2243 353 2296 sanctorum
369 2235 638 2296 communionem
654 2234 879 2295 remissionem
897 2247 1118 2314 peccatorum.
1135 2235 1241 2295 camis
1254 2255 1359 2297 resur·

161 2321 344 2384 rectionem
356 2330 391 2382 et
406 2321 508 2383 uitam
525 2331 705 2391 aeternam.

210 2408 253 2488 Rt.
299 2405 415 2471 Credo,

210 2493 273 2557 Uis
288 2489 484 2574 baptizarel

210 2581 253 2661 Rc.
302 2579 398 2643 Uolo.

208 2666 337 2728 Deinde
355 2665 499 2747 baptioat
510 2665 655 2728 sacerdos
678 2665 736 2727 sub
762 2666 853 2728 trino
879 2666 1035 2728 mersione
1058 2675 1189 2729 tontum
1214 2679 1360 2729 sctrictam

162 2753 349 2816 trinitatem
365 2752 463 2815 semel
475 2753 638 2815 inuocans.

212 2839 258 2902 Et
273 2859 338 2921 ego
353 2839 487 2921 baptizo
502 2850 536 2903 te
552 2841 584 2901 in
602 2839 736 2901 nomine
752 2839 862 2921 patris.

210 2925 261 2988 Et
274 2936 406 3007 mergat.
850 2919 852 2924 ¹

213 3012 260 3075 Et
276 3011 340 3074 filii.

211 3098 263 3162 Et
276 3107 402 3179 mergat
417 3099 542 3162 iterum.

213 3185 260 3248 Et
275 3186 407 3266 spiritus
428 3187 542 3248 sancti.

212 3271 263 3334 Et
272 3282 398 3354 mergat
412 3273 513 3335 tertio.

218 3357 266 3422 Ut
278 3368 387 3420 autem
401 3358 581 3421 surrexerit
602 3378 623 3418 a
637 3358 732 3437 fonte
746 3359 859 3438 soccot
876 3359 1036 3440 presbiter
1057 3361 1188 3441 signnm
1211 3362 1313 3424 crucis
1326 3363 1365 3424 de

165 3445 344 3508 clerc'smate
357 3466 429 3506 cum
441 3446 550 3525 pollice
568 3445 602 3506 in
619 3446 734 3506 uertice
745 3445 814 3507 cim
828 3455 860 3507 et
869 3445 960 3507 liicot
974 3447 1149 3509 orationem
1164 3447 1254 3511 hanc.

216 3532 309 3594 Deus
345 3533 556 3613 omnipotens
586 3542 681 3612 pater
709 3532 835 3594 domini
866 3533 967 3594 nostri
999 3534 1067 3595 iesu
1097 3534 1218 3598 christi,
1245 3536 1301 3617 qui
1331 3546 1366 3599 te

167 3619 379 3700 regenerauit
402 3639 445 3680 ex
470 3638 557 3700 aqua
583 3628 617 3680 et
642 3619 758 3699 spiritu
781 3628 904 3680 sancto
921 3620 1043 3700 quique
1059 3621 1152 3683 dedit
1169 3623 1227 3684 tibi
1252 3625 1364 3685 remis-

167 3707 299 3767 sionem
327 3706 476 3766 omnium
502 3715 722 3786 peccatorum,
748 3706 818 3786 ipse
843 3715 876 3766 te
903 3705 976 3769 linit
998 3709 1153 3769 crismate
1184 3709 1299 3771 salutis
1331 3712 1363 3771 in

167 3793 277 3855 uitam
294 3800 471 3853 aeternam.
517 3791 642 3853 Amen.

214 3877 265 3940 Et
278 3877 418 3939 uertitur
431 3877 546 3957 insons
560 3877 609 3938 ita
623 3877 760 3939 dicendo.

216 3963 344 4045 Accipe
367 3977 493 4026 uestem
516 3965 691 4027 candidam
721 3984 837 4045 puram
861 3975 894 4028 et
918 3966 1151 4030 inmaculatam
1176 3988 1275 4049 quarn
1293 3990 1365 4050 per-

168 4051 259 4114 ieras
274 4060 353 4113 ante
376 4050 519 4113 tribunal
544 4051 670 4112 domini
696 4052 798 4113 nostri
834 4053 901 4113 iesu
929 4052 1041 4115 christi
1057 4051 1107 4126 etl
1122 4053 1245 4118 habeas
1261 4058 1365 4118 uitam

167 4147 344 4202 aeternam
360 4147 395 4199 et
411 4138 503 4199 uiuas
518 4137 551 4199 in
567 4137 699 4199 saecula
714 4139 928 4201 saeculorum.
973 4140 1094 4202 Amen.

217 4222 357 4302 Quando
368 4223 470 4285 datur
482 4223 624 4286 candela.

212 4310 344 4393 Accipe
368 4308 557 4393 lampadem
583 4330 685 4392 quam
709 4319 743 4374 et
769 4310 1113 4392 inrepraehensibilem
1140 4317 1308 4378 custodias
1332 4328 1368 4379 ut

400 4517 408 4550 ¹
426 4521 480 4571 Tne
492 4521 628 4574 indication
639 4521 669 4572 os
682 4522 724 4573 the
735 4538 809 4574 name
820 4522 842 4572 is
852 4523 957 4572 omitted
970 4524 994 4573 in
1008 4524 1049 4574 the
1062 4527 1117 4578 MS.

1168 4607 1195 4656 H
1220 4612 1238 4656 2
