3046 5092
153 251 186 302 90
545 245 594 294 IN
616 245 737 294 SABBA
744 244 790 294 TO
814 244 970 295 SANCTO.

200 391 345 459 Oremus
371 405 405 460 et
429 416 489 479 pro
515 396 668 461 hereticis
693 408 727 461 et
753 397 957 462 scismaticis.
982 406 1018 461 ut
1042 398 1124 462 deus
1148 404 1183 460 et
1206 395 1364 460 dominus

155 490 269 544 noster
295 484 381 546 iesus
405 485 547 547 christus
571 496 665 549 eruat
691 482 770 560 nos†
795 485 839 548 ab
868 485 1032 548 erroribus
1062 485 1231 547 uniuersis.
1255 493 1289 546 et
1318 483 1363 546 ad

155 577 306 719 sanctgrn
324 581 464 634 matrem
480 571 675 636 aecclesiam
691 571 889 635 catholicam
905 586 1006 654 atque
1028 572 1246 654 apostolicam
1270 590 1364 633 reuo-

155 672 231 716 care
271 667 409 738 ignetur.

698 756 842 822 Oremus.

203 864 428 949 Omnipotens
452 869 653 951 sempiterne
677 870 760 932 deus
783 871 839 952 qui
865 868 976 932 saluas
999 887 1125 932 omnes.
1141 879 1175 932 et
1195 868 1364 930 neminem

159 948 225 1034 luis
242 956 353 1035 perire.
371 956 495 1037 respice
516 956 559 1019 ad
582 957 710 1018 animas
733 957 897 1020 diabolica
919 955 1035 1019 sraude
1057 957 1223 1038 deceptas.
1239 954 1297 1036 [fo.
1314 954 1365 1016 61.

160 1048 197 1101 ut
213 1043 304 1103 omni
326 1041 469 1104 heretica
486 1044 650 1124 prauitate
665 1044 817 1124 deposita
833 1044 1013 1105 errantium
1038 1044 1139 1106 corda
1161 1043 1365 1124 resipiscant.

161 1135 194 1188 et
211 1128 253 1189 ad
270 1130 418 1191 ueritatis
435 1140 511 1192 tuae
528 1131 665 1193 redeant
680 1131 854 1192 unitatem.
870 1150 928 1212 per
944 1131 1126 1193 dominum.

206 1237 350 1302 Oremus
376 1252 410 1305 et
434 1263 494 1323 pro
519 1240 652 1323 perfidis
679 1243 823 1305 iudaeis:
851 1253 888 1305 ut
914 1243 996 1305 deus
1019 1251 1053 1304 et
1075 1242 1230 1304 dominus
1254 1249 1368 1313 noster

161 1325 289 1389 auferat
305 1327 456 1390 uelamen
474 1329 515 1390 de
531 1329 685 1391 cordibus
704 1349 827 1391 eorum.
849 1339 886 1392 ut
908 1340 942 1391 et
965 1330 1028 1410 ipsi
1051 1340 1235 1411 agnoscant
1258 1329 1364 1390 iesum

163 1410 322 1476 christum
339 1416 513 1479 dominum
530 1427 689 1480 nostrum.

692 1552 835 1618 Oremus.

204 1663 428 1746 Omnipotens
451 1665 653 1747 sempiterne
675 1667 757 1729 deus
780 1666 837 1748 qui
852 1665 954 1729 etiarn
971 1665 1136 1728 iudaicam
1153 1661 1327 1746 perfidiam
1345 1683 1366 1727 a

162 1759 220 1812 tua
244 1752 467 1814 misericordia
490 1773 556 1815 non
581 1753 718 1835 repellis.
734 1754 858 1816 exaudi
882 1772 1015 1835 praeces
1039 1763 1175 1814 nostras.
1198 1771 1283 1832 quas
1307 1771 1367 1832 pro

161 1837 248 1899 illius
265 1839 378 1920 populi
394 1839 609 1902 obcecatione
624 1839 809 1903 deserimus.
826 1851 863 1902 ut
880 1841 994 1922 agnita
1016 1839 1165 1902 ueritatis
1188 1848 1266 1901 tuae
1282 1837 1366 1914 luce.

163 1944 248 2006 quae
264 1926 405 1987 christus
422 1938 479 1988 est.
496 1948 516 1988 a
531 1928 599 1989 suis
615 1926 760 1990 tenebris
775 1938 939 1989 eruantur.
956 1947 1015 2010 per
1029 1928 1182 1988 eundem.

207 2035 350 2100 Oremus
363 2048 396 2099 et
412 2057 472 2119 pro
484 2039 631 2119 paganis.
645 2050 681 2101 ut
694 2039 775 2101 deus
787 2039 1000 2120 omnipotens
1012 2038 1140 2101 aulerat
1156 2036 1367 2118 iniquitatem

162 2142 183 2184 a
207 2124 360 2186 cordibus
384 2145 506 2186 eorum.
523 2134 556 2187 et
582 2126 702 2188 relictis
729 2126 826 2189 idolis
849 2127 916 2188 suis
940 2134 1176 2187 conuertantur
1198 2124 1241 2184 ad
1265 2124 1367 2184 deum

163 2210 277 2272 uiuum
304 2221 337 2272 et
365 2231 487 2273 uerum.
511 2222 545 2273 et
572 2214 706 2274 unicum
732 2211 834 2274 filium
862 2213 932 2274 eius
955 2213 1059 2275 iesum
1084 2211 1242 2273 christum
1266 2211 1367 2273 deum

162 2308 196 2359 et
221 2298 393 2360 dominum
419 2309 577 2362 nostrum.
622 2299 708 2363 Cum
732 2319 800 2382 quo
825 2300 907 2362 uiuit
937 2309 970 2362 et
1001 2309 1118 2381 regnat
1142 2318 1219 2361 cum
1249 2298 1366 2379 spiritu

163 2395 287 2447 sancto

687 2490 832 2554 Oremus.

208 2598 432 2681 Omnipotens
448 2602 648 2683 sempiterne
664 2603 746 2664 deus
762 2602 817 2682 qui
836 2622 901 2663 non
919 2602 969 2663 uis
986 2611 1126 2663 mortem
1153 2608 1365 2681 peccatorum

164 2689 221 2748 sed
239 2689 342 2748 uitam
359 2709 489 2769 semper
505 2690 649 2769 inquiris.
666 2691 796 2770 suscipe
820 2690 981 2771 propitius
1002 2690 1186 2750 orationem
1211 2697 1367 2748 nostram.

164 2783 198 2834 et
236 2774 336 2835 libera
366 2795 423 2836 eos
454 2775 496 2836 ab
528 2776 690 2837 idolorum
715 2777 843 2839 cultura
872 2787 906 2837 et
940 2778 1086 2856 adgrega
1109 2774 1269 2836 ecclesiae
1292 2784 1368 2835 tuae

164 2872 300 2922 sanctae
330 2863 372 2924 ad
412 2863 543 2924 laudern
582 2874 615 2925 et
653 2864 792 2946 gloriam
831 2864 974 2925 nominis
1012 2863 1068 2925 tui.
1100 2883 1158 2943 per
1195 2862 1367 2923 dominum

164 2960 323 3010 nostrum.

464 3156 635 3220 Snussnro
660 3158 896 3219 Bannnrcrro
920 3156 1071 3220 Casani.

210 3284 351 3347 Exultet
397 3286 460 3345 iarn
507 3287 657 3366 angelica
702 3286 799 3347 turba
843 3286 1018 3348 caelorum.
1057 3285 1211 3347 exultent
1257 3286 1367 3349 diuina

167 3373 331 3453 mysteria.
359 3382 391 3433 et
422 3393 481 3452 pro
512 3375 595 3435 tanti
628 3374 712 3453 regis
745 3374 882 3434 uictoria
913 3373 992 3434 tuba
1024 3371 1184 3455 insitonatl
1216 3371 1272 3453 [fo
1298 3376 1365 3437 61v.

166 3460 325 3521 salutaris.
379 3458 534 3521 Gaudeat
580 3481 613 3521 sc
648 3460 743 3521 tellus
776 3462 876 3522 tantis
915 3461 1078 3521 inradiata
1109 3459 1301 3539 fulgoribus.
1338 3469 1367 3520 et

165 3547 289 3608 aeterni
315 3548 399 3626 regis
422 3545 597 3626 splendore
621 3547 766 3609 lustrata.
783 3549 885 3608 totius
908 3548 996 3608 orbis
1020 3567 1055 3607 se
1077 3548 1198 3608 sentiat
1223 3549 1367 3609 amisisse

164 3634 347 3713 caliginem.
397 3633 554 3695 Laetetur
570 3645 603 3696 et
628 3646 733 3695 rnater
756 3635 922 3695 aecclesia.
944 3635 1028 3695 tanti
1053 3633 1186 3695 luminis
1210 3637 1367 3696 adornata

166 3720 348 3801 fulgoribus
379 3730 412 3781 ct
448 3722 576 3801 magnis
607 3721 805 3801 populorum
837 3722 973 3782 uocibus
1005 3721 1085 3781 haec
1116 3720 1192 3782 aula
1225 3721 1366 3783 resultet.

165 3806 378 3888 Quapropter
404 3808 612 3868 adstantibus
637 3809 731 3869 uobis
758 3807 872 3870 iratres
898 3808 1060 3869 karissimi
1089 3809 1131 3869 ad
1158 3819 1226 3869 tam
1254 3809 1366 3869 miram

167 3896 271 3955 sancti
295 3894 390 3955 huius
415 3895 547 3954 lurninis
571 3896 763 3956 claritatem.
790 3915 856 3956 una
880 3915 1009 3956 mecum
1035 3915 1159 3974 quaeso
1185 3895 1238 3955 dei
1266 3894 1368 3956 omni-

167 3982 312 4062 potentis
338 3982 596 4042 misericordiam
625 3983 778 4043 inuocate
809 3992 845 4044 ut
876 3982 932 4062 qui
961 4003 1014 4043 me
1042 4003 1107 4042 non
1135 3982 1217 4042 meis
1245 3980 1369 4043 meritis

166 4070 251 4130 intra
282 4069 455 4129 leuitarum
481 4089 653 4130 numerum
685 4069 841 4149 dignatus
871 4079 921 4130 est
952 4071 1140 4149 adgregare.
1164 4068 1299 4130 luminis
1325 4070 1370 4128 sui

166 4157 271 4236 gratia
302 4155 497 4217 infundente
527 4157 631 4218 caerei
662 4155 758 4217 huius
790 4155 921 4217 laudern
959 4155 1096 4237 implere
1127 4154 1284 4236 perficiat.
1317 4176 1373 4236 per

166 4244 338 4304 dominum
378 4255 527 4305 nostrum
566 4244 669 4304 iesum
709 4242 867 4304 christum
906 4241 1009 4303 filium
1048 4262 1143 4304 suum
1191 4243 1247 4323 qui
1297 4262 1371 4305 curn

168 4331 223 4390 illo
250 4331 333 4390 uiuit
358 4338 391 4390 et
420 4340 535 4410 regnat
562 4331 643 4392 deus
669 4331 701 4391 in
728 4331 856 4392 unitate
881 4330 1015 4410 spiritus
1040 4329 1152 4392 sancti.
1178 4349 1237 4411 per
1261 4330 1374 4392 omnia

167 4416 528 4480 saeculasaeculorum.
575 4417 687 4479 Amen
