3046 5092
155 312 204 368 170
426 304 479 357 111.
508 304 593 356 Kar.
623 304 706 358 ml.
733 302 881 357 mm
913 302 1078 359 deotolt.

684 479 822 548 Secreta

200 591 396 657 Muneribus
415 592 537 657 nostris
557 601 592 657 te
612 590 864 677 magnificamus
883 590 1014 658 oblatis
1035 590 1140 677 quae?
1156 592 1192 658 in
1215 601 1351 657 sanctae

157 679 253 744 nobis
267 678 569 762 sollempnitatibus
589 677 755 743 eufemiae
772 687 808 744 et
826 678 950 763 gaudia
963 689 1100 747 aeterna
1119 677 1307 758 conciliasi
1316 688 1351 745 et

156 766 340 849 patrocinia
353 765 556 849 sempiterna
570 764 728 851 largiaris
743 784 810 850 per.

665 897 847 981 Praefatio.

198 1010 249 1077 (θ
264 1020 399 1076 aeterne
413 1011 504 1075 deus.
549 1010 595 1076 Et
610 1011 644 1075 in
659 1010 722 1076 hac
736 1010 984 1095 sollempnitate
1009 1012 1072 1078 tibi
1096 1010 1207 1077 laudis
1228 1011 1354 1077 hostias

155 1098 337 1163 immolare.
351 1119 419 1181 qua
439 1096 559 1162 beatae
580 1097 743 1163 eufemiae
765 1098 922 1181 martyris
941 1107 1020 1163 tuae
1041 1098 1233 1182 passionem
1255 1118 1354 1163 uene·

154 1185 260 1249 rando
275 1184 458 1249 recolimus.
470 1194 505 1249 et
519 1185 568 1248 tui
581 1185 725 1249 nominis
733 1184 883 1268 gloriam.
893 1185 1014 1251 debitis
1028 1186 1216 1269 praeconiis
1226 1186 1355 1271 magni·

153 1269 301 1337 ficamus.
318 1293 377 1354 per
389 1272 549 1337 christum
564 1271 739 1336 dominum
755 1280 913 1338 nostrum.

608 1409 671 1472 Ad
679 1408 905 1492 complendum.

200 1520 345 1588 Sanctae
354 1541 415 1586 nos
425 1519 579 1604 martyris
590 1519 753 1585 eufemiae
763 1520 933 1604 praecatio
941 1521 1003 1586 tibi
1011 1522 1149 1587 domine
1157 1532 1256 1607 grata
1266 1542 1355 1588 com·

155 1609 264 1674 itetur.
275 1618 309 1674 et
313 1617 412 1759 ttruuaun
428 1607 524 1672 nobis
535 1607 777 1692 indulgentiam
793 1628 930 1690 poscere
940 1627 1008 1673 non
1017 1608 1166 1674 desistat
1178 1629 1241 1693 per
1250 1610 1355 1675 domi-

154 1714 236 1762 num
251 1714 313 1760 nos
368 1716 410 1759 m.

157 1896 263 1948 xv111.
287 1881 379 1948 Kar.
396 1881 483 1946 Mar.
501 1880 659 1945 Numa
684 1880 924 2031 spinosorum
939 1879 1119 1945 Trsuarn
1137 1878 1355 1947 Usasumur

637 1980 686 2031 rr
747 1981 870 2032 rxrnr.

202 2080 339 2146 Praesta
352 2098 533 2164 quesumus
547 2078 760 2161 omnipotens
774 2080 865 2144 deus.
881 2079 991 2162 utqui
1013 2086 1206 2144 sanctourm
1221 2088 1355 2146 tuorum

157 2166 285 2233 tiburtii
297 2167 455 2232 ualeriani
466 2176 501 2231 et
512 2166 653 2231 maximi
674 2165 872 2249 sollempnia
880 2165 1030 2231 colimus.
1040 2184 1157 2230 eorum
1178 2166 1355 2233 etiamuir·

158 2263 247 2320 tutes
263 2254 436 2319 imitemur.
452 2272 512 2337 per
526 2252 699 2318 dominum
715 2262 874 2317 nostrum.

669 2371 850 2457 [Sacram]

204 2487 327 2551 Hostia
350 2487 433 2550 haec
459 2505 639 2568 quesumus
666 2486 800 2549 domine
824 2506 925 2569 quam
952 2486 986 2549 in
1008 2494 1201 2549 sanctorum
1225 2494 1355 2550 tuorum

160 2574 322 2638 nataliciis
353 2583 560 2637 recensentes
589 2571 758 2635 offerimus
787 2584 821 2636 et
851 2573 983 2637 uincula
1013 2583 1147 2636 nostrae
1185 2574 1355 2656 prauitatis

158 2661 320 2726 absoluat.
336 2671 369 2724 et
384 2670 462 2724 tuae
478 2660 573 2723 nobis
590 2658 846 2742 miselricordiae
857 2661 947 2723 dona
962 2659 1123 2723 conciliet
1137 2681 1197 2743 per
1213 2658 1271 2745 [fo.
1291 2676 1355 2723 122.

158 2749 341 2812 dominum.

667 2867 845 2948 Praefatio.

204 2983 253 3046 (D
270 2990 403 3044 aeterne
418 2980 508 3043 deus.
543 2980 588 3042 Et
604 2988 637 3042 te
653 2980 685 3041 in
702 2988 890 3041 sanctorum
904 2990 1088 3060 martyrum
1101 2988 1235 3042 tuorum
1248 2979 1355 3043 festiu-

159 3069 240 3133 itate
251 3067 394 3131 laudare.
404 3067 460 3148 qui
476 3086 607 3148 semper
622 3086 656 3128 es
674 3066 831 3129 mirabilis
847 3066 880 3128 in
897 3075 1029 3129 tuorum
1042 3067 1356 3130 commemoratione

159 3165 359 3220 sanctorum.
372 3164 406 3217 et
422 3173 564 3235 magnae
580 3152 655 3215 fidei
668 3153 794 3234 largiris
805 3151 962 3216 affectum
976 3165 1010 3216 et
1020 3152 1232 3216 tolerantiam
1244 3152 1398 3216 tribuis=

159 3243 360 3325 passionum.
373 3250 406 3304 et
422 3241 548 3322 antiqui
565 3239 669 3302 hostis
685 3239 764 3301 sacis
779 3240 925 3322 superari
936 3240 1250 3303 machinamentum.
1283 3238 1398 3321 Qutt

159 3329 281 3411 egregii
293 3339 454 3410 martyres
465 3328 514 3391 tui
525 3327 567 3390 ad
579 3326 775 3409 capiendam
786 3347 1002 3409 supernorum
1016 3327 1257 3390 beatitudinem
1267 3344 1398 3410 prae—-

159 3417 300 3479 miorum
328 3415 425 3478 nullis
448 3414 672 3497 impediantur
687 3413 874 3477 retinaculis
896 3413 1212 3477 blandimentorum.
1228 3424 1262 3477 et
1286 3414 1398 3476 ider>

156 3523 232 3566 curn
248 3503 383 3584 angelis.

612 3612 674 3675 Ad
683 3612 907 3694 corrqucndum.

204 3725 307 3790 Sacro
323 3745 458 3788 munere
473 3724 584 3788 satiati
600 3723 765 3806 supplices
781 3733 815 3787 te
830 3724 965 3787 domine
980 3724 1207 3806 deprecamur.
1220 3734 1257 3788 ut
1268 3743 1398 3806 quo-

160 3813 292 3876 debitae
307 3813 475 3874 seruitutis
487 3811 693 3875 celebramus
717 3809 834 3873 officio.
850 3810 1044 3874 saluationis
1071 3820 1151 3874 tuae
1175 3812 1398 3876 sentiam..)

160 3908 385 3982 augmentum.
403 3919 469 3980 per.

236 4099 286 4149 1x.
311 4085 402 4149 Kar.
427 4084 514 4148 Mar.
539 4083 696 4147 Names
718 4083 860 4148 Saucrr
884 4082 1044 4148 Gnoson
1069 4084 1277 4148 Mnarvrus

205 4199 298 4262 Deus
307 4198 363 4282 qui
380 4217 440 4260 nos
455 4197 545 4260 beati
560 4196 685 4279 georgii
702 4196 855 4278 martyris
870 4196 917 4259 tui
935 4196 1059 4260 meritis
1075 4206 1108 4259 et
1124 4196 1353 4262 intercessione

162 4285 328 4350 laetificas
344 4284 490 4348 concede
506 4284 677 4366 propitius.
692 4294 729 4346 ut
744 4284 801 4364 qui
816 4284 886 4346 eius
901 4282 1060 4347 beneficia
1075 4284 1254 4366 poscimus.
1269 4284 1341 4346 dona

160 4381 239 4438 tuae
253 4372 379 4457 gratiae
394 4390 643 4454 consequamur.
660 4391 725 4452 per.

577 4487 585 4522 ¹
604 4490 723 4556 among
734 4488 839 4540 omitted
850 4488 877 4539 in
889 4488 946 4541 us.
