3046 5092
528 338 720 393 PROBATIO
740 338 994 390 NOUITIORUM
1312 334 1361 399 283

155 492 249 557 abeo
272 503 406 576 rogatus
418 493 540 558 serebat
562 494 624 577 qui
642 494 709 559 scit.
753 494 890 577 laeteque
900 514 973 558 cum
987 493 1068 557 bora
1082 493 1180 557 teutria
1194 491 1363 555 decantata

145 579 268 660 fuerit.
284 581 341 644 uel
360 582 504 644 laetania
521 591 690 664 praesente
712 580 826 645 abbate
837 591 869 645 et
881 581 1004 644 aenctrs
1016 578 1222 643 adstantibus
1233 578 1363 658 fratri·

159 665 219 730 bus
233 667 298 750 ipse
312 668 458 731 nouitius
470 688 575 731 secum
592 678 726 751 gestans
746 669 906 732 cartulam
929 668 1041 731 ueneat
1052 676 1129 730 ante
1141 666 1246 729 altare
1258 665 1362 728 eleria-

157 762 254 835 taque
268 775 340 817 uoce
353 754 448 818 dieat.

205 841 281 923 Ego
296 841 397 904 frater
411 842 476 905 deo
492 843 589 906 datus
613 843 772 925 promitto
793 842 1011 906 stabilitatem
1036 861 1145 904 meam
1169 850 1202 904 et
1224 858 1361 902 conuer-

159 928 288 991 sionem
300 948 429 991 morum
442 949 590 992 meorum
603 940 636 993 et
648 930 893 992 oboedientiam
904 928 1086 991 secundum
1097 928 1244 1009 regulam
1255 926 1360 988 sancti

159 1012 326 1078 benedicti
336 1016 466 1078 abbatis
476 1015 603 1100 coram]
614 1018 678 1079 deo
694 1026 728 1079 et
743 1017 866 1079 sanctis
882 1017 951 1077 eius
964 1017 997 1076 in
1014 1014 1200 1097 praeseutia
1217 1011 1273 1094 [fu.
1288 1029 1359 1091 204

161 1100 298 1163 domini.
317 1101 357 1164 N.
378 1103 516 1166 abbatis.
562 1103 647 1165 Mox
659 1103 724 1185 ipse
740 1124 840 1165 enanu
855 1124 916 1164 sua
931 1122 1001 1165 eam
1023 1112 1119 1183 snper
1130 1101 1236 1162 altare
1248 1108 1359 1182 ponat.

159 1185 348 1270 Statimque
375 1198 451 1252 ante
473 1190 539 1271 ipso
553 1190 658 1252 altare
679 1190 819 1251 inclinus
834 1199 942 1251 uertat
961 1198 1083 1250 stante
1104 1197 1136 1249 et
1149 1197 1233 1250 retro
1256 1187 1361 1249 tribus

158 1274 286 1337 ur'cibus
313 1285 345 1337 et
372 1276 461 1339 debat
481 1275 567 1338 bunc
590 1297 727 1339 uersum.
773 1276 912 1358 Suscipe
937 1296 990 1338 me
1017 1275 1152 1338 domine
1175 1274 1358 1336 secundum

158 1360 329 1442 eloquium
352 1372 446 1425 tuum
463 1372 497 1426 ct
519 1364 631 1427 uiuam
654 1374 688 1427 et
710 1383 753 1425 ne
776 1362 961 1426 confundas
982 1382 1035 1424 me
1058 1362 1101 1424 ab
1124 1361 1359 1443 expectatione

158 1466 244 1510 mea.
289 1448 337 1511 Et
348 1448 464 1532 flectat
482 1470 592 1531 genua
613 1450 719 1512 tribus
733 1450 863 1513 uicibus.
890 1469 983 1531 quem
1008 1468 1137 1527 uersum
1161 1447 1267 1509 omm's
1288 1467 1359 1508 con-

152 1535 305 1616 gregatio
320 1537 513 1618 respondeat.
557 1537 683 1599 Deinde
698 1546 760 1599 toto
774 1547 898 1618 constare
912 1545 1101 1617 prostratus
1119 1534 1154 1596 in
1169 1533 1359 1616 pauimento

157 1620 264 1684 taceat
283 1642 355 1684 cum
377 1624 503 1705 gemitu
532 1635 563 1686 et
586 1623 808 1705 conpunctione
832 1622 944 1685 cordis
995 1622 1026 1684 T
1022 1642 1085 1684 unc
1102 1621 1200 1685 abbas
1225 1620 1362 1701 accipiat

154 1708 241 1770 stola
251 1717 287 1770 et
300 1709 394 1772 ceder
406 1720 438 1772 et
451 1730 537 1792 aqua
552 1708 729 1786 benedicta†
743 1710 897 1792 dicatque.

204 1794 326 1875 Kyrrie
341 1796 474 1860 eleison.
519 1796 650 1861 Christe
664 1796 796 1859 eleison.
843 1796 964 1878 Kyrrie
979 1794 1111 1858 eleison.
1128 1808 1180 1857 111.

204 1881 301 1944 Pater
321 1892 440 1946 noster.

203 1966 342 2032 Saluum
358 1969 410 2032 fac
426 1990 558 2034 seruum
575 1981 678 2034 tuum.

203 2054 305 2118 Mitte
320 2057 349 2118 ei
365 2057 509 2120 domine.

203 2140 296 2204 Nihil
312 2142 468 2224 proficiet

203 2227 350 2291 Domine
364 2231 497 2293 exaudi.

203 2314 369 2378 Dominus
384 2318 566 2380 uobiscum.

205 2401 342 2464 Praesta
359 2423 540 2485 quesumus
558 2405 694 2467 domine
712 2403 787 2466 huic
809 2402 934 2466 famulo
952 2411 1011 2466 tuo
1031 2400 1230 2465 renuntianti
1247 2419 1358 2462 saecu·

158 2485 285 2550 laribus
300 2491 433 2572 pompis
449 2492 576 2572 gratiae
590 2501 668 2554 tuae
683 2491 799 2553 ianuas
814 2490 940 2573 aperiri.
956 2490 1012 2572 qui
1027 2486 1204 2571 despectui
1224 2487 1360 2550 diabulo

159 2572 311 2657 confugit
337 2576 400 2638 sub
425 2577 523 2640 titulo
549 2576 662 2640 christi
687 2577 763 2639 iube
786 2578 977 2639 uenientem
1000 2578 1043 2639 ad
1066 2585 1100 2638 te
1123 2593 1239 2637 sereno
1265 2574 1358 2636 uultu

159 2661 292 2743 suscipi.
307 2682 350 2724 ne
365 2663 407 2726 de
422 2683 463 2725 eo
479 2664 589 2727 ualeat
612 2664 764 2727 inimicus
785 2663 988 2745 triumphare
1004 2662 1111 2726 tribue
1126 2662 1156 2723 ei
1179 2679 1359 2743 quesumus

158 2746 367 2829 infatigabile
404 2750 575 2813 brachium
613 2751 728 2813 auxilii
766 2751 813 2814 tui
853 2760 999 2813 mentem
1037 2750 1107 2812 eius
1145 2746 1220 2809 fidei
1259 2748 1360 2809 lorica

151 2834 390 2899 circumdant
412 2837 499 2899 felici
522 2857 618 2900 muro
633 2837 784 2900 uallatus.
802 2837 964 2899 mundum
980 2856 1016 2899 se
1038 2834 1183 2917 gaudeat
1207 2834 1359 2896 euasisse.

155 2940 225 3003 per.

712 3052 808 3117 Atta.

204 3171 258 3236 Tu
275 3173 437 3238 famulum
454 3186 549 3239 tuum
565 3196 747 3259 quesumus
762 3175 898 3239 domine
921 3175 1017 3238 bonis
1041 3173 1187 3236 moribus
1210 3173 1361 3255 placatus

159 3258 319 3323 instituae
334 3271 370 3324 tu
387 3262 420 3324 in
436 3282 477 3326 eo
493 3266 583 3346 quod
606 3263 667 3327 tibi
690 3260 877 3345 placidumi
899 3272 950 3324 est
965 3263 1143 3343 dignanter
1165 3259 1310 3322 infunde.
1326 3270 1360 3323 et

160 3359 295 3429 praesta
310 3367 442 3430 semper
457 3351 499 3412 ad
525 3360 558 3413 te
583 3359 656 3413 toto
682 3351 781 3412 corde
804 3368 1005 3412 concurrere.
1022 3347 1081 3411 tibi
1098 3347 1231 3411 subdita
1248 3363 1359 3409 mente

156 3433 291 3496 seruire
316 3443 409 3497 tuam
435 3437 692 3500 misericordiam
714 3436 907 3518 suppliciter
923 3454 1063 3497 exorare
1079 3444 1116 3496 ut
1131 3434 1251 3515 dignus
1267 3434 1310 3495 sit
1325 3442 1359 3495 et

151 3527 219 3583 tua
234 3520 345 3584 ualeat
361 3521 521 3585 beneficia
536 3523 722 3605 promereri.
739 3543 798 3605 per
812 3522 985 3584 dominum
1002 3530 1160 3584 nostrum.

714 3660 806 3722 Alr'a.

204 3767 314 3851 [Deus
340 3771 397 3852 qui
422 3770 584 3834 famulum
611 3781 705 3835 tuum
733 3792 753 3834 a
778 3771 899 3836 saeculi
921 3771 1069 3834 uanitate
1092 3790 1169 3833 con·
1191 3769 1248 3852 [fo.
1265 3787 1357 3849 204V.

160 3873 295 3918 uersum
321 3859 364 3918 ad
389 3878 551 3940 supernae
573 3859 758 3922 uocationis
780 3858 934 3922 accendis
957 3877 1113 3920 amorem.
1129 3858 1255 3939 pectori
1272 3856 1358 3918 illius

159 3940 369 4023 purificando
391 3944 534 4008 illabere.
559 3955 593 4009 et
612 3947 754 4028 gratiam
778 3965 844 4028 qua
860 3946 892 4007 in
909 3955 943 4007 te
957 3955 1145 4026 perseueret
1161 3943 1304 4007 infunde.
1320 3953 1358 4006 ut

159 4029 378 4110 protectionis
401 4039 479 4094 tuae
505 4032 652 4096 munitus
678 4034 851 4114 praesidio,
872 4033 963 4113 quod
986 4046 1020 4093 te
1042 4030 1190 4093 donante
1207 4030 1358 4113 promisit

159 4113 300 4196 impleat
324 4125 358 4179 et
382 4136 462 4181 suae
486 4117 699 4199 professionis
725 4128 886 4182 executor
911 4116 1055 4180 effectus.
1071 4118 1115 4179 ad
1130 4137 1171 4179 ea
1185 4137 1270 4199 quae
1286 4137 1359 4198 per-

160 4202 390 4266 seuerantibus
401 4204 435 4266 in
451 4215 486 4267 te
497 4206 654 4287 dignatus
664 4226 699 4269 es
711 4208 904 4288 promittere
920 4204 1096 4286 pertingat.
1113 4223 1172 4285 per
1183 4205 1356 4267 dominum

158 4297 319 4359 nostrum.

202 4374 259 4437 Da
285 4395 465 4457 quesumus
490 4375 627 4441 domine
652 4376 778 4441 famulo
805 4384 870 4441 tuo.
887 4377 932 4440 ill.
956 4375 1198 4458 indulgentiam
1221 4396 1355 4440 suorum

155 4458 365 4526 delictorum.
391 4464 548 4546 quatinus
571 4465 616 4528 de
641 4464 795 4528 omnibus
819 4483 905 4546 quae
927 4462 1050 4526 carnali
1065 4462 1287 4526 delectatione
1303 4462 1355 4526 uel
