3046 5092
453 324 544 375 DOM.
564 323 602 375 ΙΙ.
622 323 677 374 DE
692 321 860 375 ADUENY
860 323 889 376 U
899 323 1049 374 DOMINI.
1306 336 1352 387 130

685 491 823 558 Secreta.

200 604 296 668 Haec
319 625 412 667 sacra
436 625 497 667 nos
520 604 657 668 domine
682 606 811 687 potenti
836 605 960 669 uirtute
986 605 1173 668 mundatos.
1189 605 1231 668 ad
1255 625 1352 668 suum

153 691 277 755 faciant
289 693 437 774 puriores
452 692 563 754 uenire
579 692 786 774 principium.
802 712 861 774 per
875 692 1048 755 dominum
1066 703 1224 756 nostrum.

674 840 855 921 Praefatio.

199 955 249 1018 (D
272 962 406 1016 aeterne
421 953 512 1016 deus,
568 952 630 1017 Cui
649 955 818 1035 proprium
835 964 886 1016 est
902 974 940 1018 ac
956 954 1123 1037 singulare
1138 956 1229 1036 quod
1244 953 1353 1018 bonus

155 1062 198 1103 es.
215 1056 249 1103 et
260 1040 350 1102 nulla
372 1060 533 1121 umquam
549 1060 569 1101 a
585 1051 618 1102 te
634 1061 670 1102 es
685 1041 949 1104 commutatione
964 1042 1123 1106 diuersus,
1171 1042 1353 1123 Propitiare

155 1147 337 1209 quesumus
362 1128 659 1208 supplicationibus
697 1128 825 1190 nostris.
850 1137 884 1190 et
920 1127 1097 1190 aecclesiae
1127 1139 1204 1191 tuae
1230 1129 1354 1190 miseri-

155 1214 303 1279 cordiam
328 1224 420 1276 tuam
451 1234 552 1295 quarn
583 1214 823 1296 depraecamur
850 1215 999 1278 ostende.
1025 1215 1240 1278 manifestans
1264 1215 1353 1297 plebi

155 1311 233 1365 tuae
243 1301 403 1381 unigeniti
415 1302 462 1362 tui
472 1312 505 1363 et
516 1301 752 1363 incarnationis
763 1303 966 1382 mysterium.
977 1300 1026 1385 set
1037 1303 1201 1365 aduentus
1214 1301 1270 1383 [lo.
1282 1319 1354 1382 99v.

155 1387 351 1451 admirabile
367 1398 621 1449 sacramentum.
670 1387 718 1450 Ut
741 1388 774 1449 in
798 1389 1014 1450 uniuersitate
1036 1389 1208 1450 nationum
1225 1398 1355 1452 constet

155 1494 228 1537 esse
258 1472 440 1557 perlectum
478 1475 569 1554 quod
607 1482 723 1536 uatum
761 1475 902 1537 oraculis
939 1474 1001 1539 luit
1038 1487 1115 1538 ante
1146 1476 1354 1557 promissum.

156 1561 407 1644 percipiantque
437 1561 634 1641 dignitatem
671 1562 868 1643 adoptionis.
899 1581 983 1642 quos
1020 1574 1163 1625 exornat
1193 1561 1356 1624 consessio

158 1648 314 1711 ueritatis.
330 1666 513 1730 perquem.

598 1783 661 1848 Ad
678 1785 902 1867 conplendum.

201 1892 430 1978 Suscipiamus
445 1896 581 1960 domine
604 1897 860 1959 misericordiam
881 1908 972 1960 tuam
990 1897 1022 1960 in
1040 1897 1150 1961 medio
1166 1897 1283 1981 templi
1299 1899 1356 1962 tui.

155 1991 190 2043 et
213 1985 430 2064 reparationis
453 1994 586 2047 nostrae
618 1995 758 2048 uentura
780 1984 979 2068 sollempnia
1000 1987 1154 2067 congruis
1176 1985 1356 2048 honoribus

157 2071 403 2149 praecedamus.
420 2092 479 2153 per
493 2072 676 2135 dominum.

626 2226 735 2309 Super
739 2228 902 2309 populum.

204 2337 259 2401 Da
274 2358 454 2420 quesumus
473 2338 609 2403 domine
632 2339 757 2421 populo
780 2350 846 2403 tuo.
863 2341 1014 2422 spiritum
1038 2338 1187 2402 ueritatis
1208 2346 1241 2401 et
1257 2336 1356 2420 pacis

160 2433 247 2488 utet
273 2435 305 2487 te
330 2446 389 2507 per
412 2426 593 2490 aduentum
620 2428 781 2508 unigeniti
808 2428 855 2489 tui
883 2437 954 2490 tota
982 2439 1093 2490 mente
1119 2434 1306 2506 cognoscat
1323 2432 1357 2485 ct

158 2532 246 2593 quae
262 2512 322 2575 tibi
336 2522 415 2576 sunt
430 2514 561 2596 placita.
577 2514 676 2576 corde
691 2525 864 2578 sectemur.
880 2535 938 2596 per
954 2515 1127 2577 dominum
1144 2524 1303 2575 nostrum.

389 2731 587 2795 Dornnrcn
612 2732 655 2795 11.
680 2746 730 2794 ua
753 2731 948 2796 Annium
974 2733 1132 2795 Donum.

206 2859 332 2923 Excita
359 2859 493 2923 domine
517 2861 618 2924 corda
642 2870 755 2923 nostra
785 2861 827 2922 ad
853 2861 1099 2943 praeparandas
1124 2858 1284 2940 unigeniti
1312 2857 1360 2921 tui

161 2947 241 3009 uias.
274 2956 311 3009 ut
341 2967 400 3028 per
429 2949 498 3009 eius
528 2948 711 3011 aduentum
743 2945 922 3030 purificatis
953 2948 1012 3010 tibi
1043 2947 1209 3010 mentibus
1240 2946 1362 3007 seruire

164 3053 358 3097 mereamur.
374 3053 430 3115 qur
446 3054 539 3097 uiuis

699 3167 836 3232 Secreta.

209 3281 345 3344 Placare
370 3302 550 3363 quesumus
584 3281 719 3345 domine
754 3281 950 3343 humilitatis
975 3289 1107 3343 nostrae
1131 3280 1303 3362 praecibus
1328 3289 1362 3341 et

163 3368 289 3431 hostiis.
314 3380 348 3431 et
372 3370 428 3432 ubi
452 3369 543 3431 nulla
568 3378 750 3451 suppetunt
776 3367 934 3450 suffragia
959 3369 1160 3431 meritorum.
1176 3369 1241 3430 tuis
1266 3366 1361 3429 nobis

164 3475 318 3519 succurre
333 3457 512 3538 praesidiis.
528 3475 595 3538 per.

686 3586 867 3666 Praefatio.

210 3702 261 3765 (D
284 3711 417 3764 aeterne
433 3701 523 3764 deus.
569 3700 636 3782 Qui
657 3710 716 3764 tuo
738 3699 946 3761 inenarrabili
966 3720 1102 3763 munere
1119 3698 1309 3781 praestitisti
1326 3706 1363 3759 ut

165 3797 286 3852 natura
315 3788 463 3852 humana
492 3789 533 3850 ad
571 3786 822 3849 similitudinem
859 3788 907 3848 tui
942 3788 1077 3850 condita
1106 3787 1274 3849 dissimilis
1305 3806 1364 3866 per

166 3886 341 3957 peccatum
352 3886 385 3938 et
398 3887 539 3938 mortem
555 3873 681 3936 effecta
698 3891 907 3953 nequaquam
925 3874 957 3934 in
974 3885 1109 3936 aeterna
1124 3873 1363 3955 dampnatione

167 3963 296 4044 periret.
319 3963 377 4025 sed
409 3963 498 4025 unde
527 3970 702 4044 peccatum
733 3970 873 4021 mortem
906 3971 1126 4023 contraxerat.
1151 3962 1227 4023 inde
1256 3960 1361 4020 uitam

167 4062 226 4112 tua
250 4049 356 4130 pietas
380 4049 529 4111 inmensa
552 4054 726 4130 repararet.
749 4055 783 4107 et
805 4047 942 4126 antique
964 4048 1101 4128 uirginis
1125 4047 1258 4108 lacinus.
1274 4065 1363 4106 noua

167 4146 201 4198 et
227 4137 425 4197 intemerata
448 4136 543 4217 uirgo
569 4135 672 4196 maria
701 4133 814 4214 piaret.
880 4132 976 4213 Quae
1000 4133 1043 4195 ab
1067 4133 1186 4215 angelo
1210 4132 1363 4195 salutata.

167 4223 211 4285 ab
226 4222 359 4304 lspiritu
376 4232 493 4284 sancto
507 4221 715 4284 obumbrata.
732 4218 824 4281 illum
841 4219 976 4300 gignere
992 4222 1118 4283 meruit.
1129 4221 1185 4301 qui
1220 4218 1277 4301 [fo.
1297 4234 1365 4281 100.

168 4317 290 4372 cuncta
313 4309 403 4371 nasci
426 4329 487 4371 suo
510 4317 592 4371 nutu
615 4306 786 4370 concessit.
842 4304 937 4386 Quae
961 4307 1142 4370 mirabatur
1164 4316 1197 4369 et
1220 4306 1366 4386 corporis

167 4396 395 4477 integritatem
437 4403 471 4457 et
505 4405 685 4474 conceptus
722 4391 969 4456 secunditatem.
999 4394 1233 4476 gaudebatque
1270 4411 1367 4457 suum

167 4485 321 4567 paritura
335 4491 508 4565 parentem
525 4482 630 4544 iesum
647 4478 808 4542 christum
824 4479 997 4543 dominum
1014 4491 1171 4544 nostrum.
1185 4501 1243 4563 per
1258 4497 1367 4560 quem.
