3046 5092
369 343 453 393 KAL.
484 342 565 393 FEB.
597 343 683 394 ΝΑΤ.
715 345 741 393 S.
773 343 969 393 BRIGIDAE.
1220 356 1264 408 157

596 515 737 579 Secreta.

108 616 248 698 Suscipe
285 615 419 678 domine
454 615 617 696 propitius
657 616 840 678 orationem
872 626 1027 678 nostram.
1064 637 1138 679 cum
1170 617 1261 680 obla-

63 703 210 767 tionibus
244 701 427 764 hostiarum
466 701 737 783 superimpositis,
775 711 808 765 et
847 703 1000 784 martyris
1038 704 1085 766 tui
1124 704 1260 785 proiecti

63 790 297 872 deprecatione
323 788 438 870 pietati
466 798 544 851 tuae
568 788 689 870 perfice
718 789 883 871 benignus
913 800 1075 870 acceptas
1107 802 1140 853 et
1171 791 1260 853 illam

63 897 150 958 quae
167 877 198 938 in
217 896 257 939 eo
274 873 427 956 flagrauit
443 874 537 938 sortis
553 875 695 938 dilectio.
714 876 746 937 in
763 876 859 938 nobis
874 876 984 957 aspira
1001 876 1171 959 benignus.
1197 898 1261 960 per.

561 995 742 1076 Praefatio.

107 1098 158 1160 (D
191 1105 324 1158 aeterne
362 1095 451 1157 deus.
509 1094 554 1156 Et
591 1104 684 1157 tuam
723 1096 980 1158 misericordiam
1018 1097 1186 1177 deprecari
1225 1109 1261 1160 ut

64 1183 231 1246 mentibus
248 1182 367 1245 nostris
384 1182 472 1244 beati
489 1183 642 1261 martyris
653 1182 701 1244 tui
717 1183 853 1261 proiecti
865 1183 1004 1263 repetita
1014 1183 1260 1264 sollempnitate

63 1269 221 1352 spiritalis
252 1269 397 1331 laetitiae
427 1269 553 1331 tribuas
592 1268 710 1349 iugiter
747 1269 955 1331 suauitatem.
1023 1269 1262 1351 Concedasque

63 1358 159 1419 nobis
186 1366 223 1419 ut
249 1355 438 1418 uenerando
463 1355 625 1436 passionis
652 1356 722 1416 eius
748 1355 953 1436 triumphum
970 1357 1108 1419 obtentu
1126 1356 1212 1419 illius
1228 1369 1261 1420 et

64 1454 275 1526 peccatorum
292 1441 527 1504 remissionem.
544 1451 576 1503 et
592 1451 782 1504 sanctorum
809 1461 994 1504 mereamur
1020 1443 1157 1525 adipisci
1182 1464 1260 1506 con·

64 1531 213 1593 sortium.
229 1548 287 1610 per
302 1529 461 1590 christum
478 1529 652 1591 dominum
669 1535 827 1590 nostrum.

504 1648 564 1711 Ad
582 1648 810 1730 complendum.

107 1749 236 1813 Uotiua
252 1748 386 1810 domine
402 1768 462 1829 pro
479 1748 567 1810 beati
585 1747 738 1829 martyris
755 1747 890 1829 proiecti
908 1749 1060 1829 passione
1084 1750 1172 1812 dona
1188 1770 1260 1830 per·

63 1837 220 1918 cepimus.
238 1854 418 1916 quesumus
435 1847 471 1897 ut
488 1835 519 1896 in
536 1835 606 1897 eius
623 1834 795 1917 praecibus
812 1844 845 1896 et
862 1835 1044 1915 praesentis
1060 1835 1149 1898 uitae
1165 1837 1260 1897 nobis

63 1924 194 2006 pariter.
221 1933 256 1984 et
279 1931 433 1984 aeternae
458 1922 583 1984 tribuas
608 1920 754 1983 conferre
784 1920 977 1983 subsidium.
1004 1941 1062 2003 per
1087 1923 1260 1985 dominum

63 2018 226 2073 nostrum.

106 2174 138 2222 v,
164 2159 257 2221 Kar..
285 2158 393 2220 Fam.
420 2157 630 2220 Narrurms
655 2156 830 2220 Sanctae
855 2156 992 2220 Aonas
1017 2157 1204 2220 Umorms.

107 2272 202 2335 Deus
217 2272 274 2352 qui
290 2268 367 2344 uos†
382 2289 492 2331 annua
508 2267 626 2332 beatae
642 2288 750 2350 agnae
760 2269 913 2349 martyris
924 2277 1000 2330 tuae
1011 2268 1259 2351 sollempnitate

64 2356 231 2422 laetificas.
256 2358 299 2420 da
324 2375 504 2438 quesumus
529 2365 689 2436 utquam
719 2374 914 2417 ueneramur
937 2354 1053 2417 officio
1070 2355 1170 2417 etiam
1187 2357 1261 2437 piae

64 2443 324 2509 conuersationis
341 2462 517 2523 sequamur
533 2441 699 2524 exemplo.
720 2461 784 2523 per.

599 2565 735 2629 Secreta.

107 2668 217 2750 Super
257 2666 316 2729 has
353 2685 533 2747 quesumus
571 2666 705 2728 domine
742 2666 867 2729 hostias
905 2666 1092 2729 benedictio
1129 2668 1263 2748 copiosa

62 2754 254 2817 descendat.
269 2773 356 2835 quae
371 2763 404 2814 et
420 2751 716 2815 sanctificationem
741 2754 836 2815 nobis
858 2753 1037 2815 clementer
1051 2764 1212 2835 operetur.
1229 2764 1262 2816 ct

61 2841 105 2903 de
122 2851 306 2922 martyrum
324 2859 384 2901 nos
400 2839 647 2920 sollempnitate
663 2838 825 2903 laetificet
844 2860 902 2922 per
918 2840 1101 2903 dominum.

573 2955 752 3036 Praesatrb.

106 3055 158 3119 (θ
182 3064 315 3117 aeterne
331 3055 420 3118 deus.
459 3055 581 3117 Beatae
597 3055 726 3137 agnetis
743 3055 897 3117 natalicia
912 3057 1127 3136 geminantes.
1175 3056 1263 3120 Uere

55 3142 151 3204 enim
169 3140 266 3203 huius
282 3141 495 3204 honorandus
512 3152 561 3204 est
577 3142 648 3204 dies
665 3145 764 3223 squae
779 3142 824 3204 sic
841 3152 970 3204 terrena
982 3162 1080 3224 gene·
1096 3141 1152 3224 [fo.
1174 3160 1262 3204 112v.

56 3229 192 3291 ratione
220 3228 378 3309 processit
405 3236 441 3289 ut
466 3228 508 3290 ad
537 3228 721 3291 diuinitatis
753 3229 955 3291 consortium
983 3231 1176 3310 perueniret.
1205 3250 1263 3312 per

52 3316 232 3379 christum.
1301 3328 1305 3332 ’

511 3434 573 3497 Ad
591 3434 814 3516 complendum.

106 3532 321 3613 Sumpsirnus
345 3532 480 3595 domine
506 3532 747 3615 ce[le¹]britatis
774 3553 884 3596 annue
911 3534 1024 3595 uotiua
1047 3544 1262 3597 sacramenta.

60 3628 197 3701 praesta
212 3638 392 3700 quesumus
416 3630 453 3682 ut
475 3620 667 3701 temporalis
691 3620 786 3682 nobis
801 3621 891 3682 uitae
915 3620 1059 3683 remedia
1082 3621 1261 3701 praebeant

60 3716 95 3769 et
112 3715 277 3768 aeternae.
293 3725 352 3786 per
367 3706 548 3769 dominum.

145 3857 242 3920 ΚΑΙ..
267 3858 375 3921 Fame
401 3859 557 3922 Natant
582 3859 757 3924 Sanctae
782 3860 968 3922 Barcinus
993 3858 1193 3923 Umcuus.2

106 3969 296 4035 Caelorum.
311 3980 413 4052 atque
428 3980 588 4034 terrarum
604 3971 757 4033 conditor
779 3981 812 4032 et
835 3970 1036 4052 gubernator
1051 3972 1263 4052 omnipotens

65 4059 157 4121 deus.
181 4057 350 4139 praecanti
367 4057 492 4140 populo
516 4067 575 4120 tuo
601 4077 754 4120 succurre
778 4055 912 4139 pietati†
933 4068 966 4120 et
988 4065 1120 4138 praesta
1146 4069 1182 4120 ut
1206 4060 1263 4139 qui

65 4143 192 4208 honore
212 4154 348 4206 sanctae
366 4144 495 4226 brigide
513 4153 721 4225 praesentem
741 4144 806 4206 diei
826 4144 922 4206 huius
943 4144 1088 4225 gerimus
1108 4143 1264 4227 sollemp-

64 4233 206 4295 nitatem
231 4249 291 4310 per
313 4230 415 4312 ipsius
438 4230 595 4312 suffragia
622 4231 757 4312 perenni
785 4230 889 4312 gloria
916 4241 974 4293 tua
1004 4233 1179 4312 potiamur.
1207 4252 1248 4313 pe

62 4319 241 4382 dominum
260 4325 418 4379 nostrum.
1240 4351 1241 4354 =

297 4432 304 4464 ¹
321 4434 434 4550 ¹{yllable
445 4436 552 4486 omitted
563 4437 589 4485 in
601 4436 658 4487 MS.
891 4501 896 4511 ι

295 4497 306 4531 ²
345 4501 377 4550 he
388 4502 477 4553 collect
490 4502 511 4551 is
522 4502 565 4552 the
576 4503 635 4566 only
647 4510 701 4566 part
712 4501 741 4550 os
755 4502 798 4550 the
810 4502 879 4551 Mass
890 4517 915 4550 ιιι
927 4501 970 4550 the
982 4500 1038 4550 MS.
