3046 5092
474 261 589 311 HEBD.
615 261 637 310 I.
667 259 804 323 QUADR.
850 259 966 310 FERIA
991 259 1045 309 III.

666 488 783 552 Fami
810 488 854 553 ll.

204 627 369 693 Conuerte
406 649 466 691 nos
503 628 585 690 deus
615 628 767 692 salutaris
798 638 916 693 noster.
947 638 981 693 et
1010 638 1047 692 ut
1072 629 1168 693 nobis
1197 628 1356 693 ieiunium

160 716 445 798 quadragesimale
482 715 641 796 proficiat.
672 725 801 779 mentes
831 728 961 781 nostras
998 716 1196 781 caelestibus
1231 720 1358 781 instrue

160 803 349 887 disciplinis.
364 823 423 886 per
437 803 610 866 dominum
634 815 791 867 nostrum.

612 982 615 987 »
687 937 824 1002 Secreta.

204 1049 344 1113 Munera
380 1048 516 1111 domine
552 1048 665 1112 oblata
702 1049 880 1113 sanctifica.
919 1070 1045 1132 nosque
1083 1071 1104 1113 a
1141 1061 1355 1133 peccatorum

160 1148 346 1201 nostrorum
364 1136 501 1200 maculis
515 1136 669 1199 emunda
680 1157 747 1219 per.

664 1269 845 1349 Praefatio.

204 1388 253 1451 (fi
269 1395 400 1448 aeterne
416 1384 505 1445 deus
539 1381 605 1464 Qui
616 1382 676 1444 das
692 1403 822 1444 aescam
832 1383 924 1445 omni
936 1384 1032 1446 carni.
1045 1394 1079 1447 et
1091 1405 1150 1446 nos
1167 1404 1232 1446 non
1246 1385 1355 1448 solum

159 1472 352 1537 carnalibus.
366 1472 423 1532 sed
446 1470 547 1532 etiam
571 1469 773 1550 spiritalibus
788 1471 892 1532 aescis
909 1470 1022 1533 reficis
1069 1471 1117 1534 Ut
1133 1492 1201 1535 non
1225 1473 1259 1534 in
1282 1473 1355 1535 solo

160 1581 247 1643 pane
277 1560 436 1621 uiuamus.
475 1558 533 1618 sed
568 1555 601 1619 in
639 1556 731 1618 omni
768 1556 870 1619 uerbo
907 1567 966 1621 tuo
1004 1558 1139 1621 uitalem
1170 1558 1355 1622 habeamus

160 1647 360 1710 alimoniam.
414 1642 485 1704 Nee
515 1652 646 1704 tantum
693 1642 889 1725 aepulando.
933 1645 991 1708 sed
1036 1645 1137 1708 etiam
1176 1646 1356 1708 ieiunando

160 1733 366 1816 paschamur.
413 1729 500 1791 Nam
513 1738 549 1790 ut
564 1729 706 1809 dapibus
732 1740 764 1791 et
788 1730 914 1811 poculis
937 1751 1074 1814 corpora
1096 1733 1142 1794 sic
1167 1732 1296 1796 ieiuniis
1321 1742 1355 1796 et

159 1819 335 1884 uirtutibus
351 1816 483 1879 animae
497 1816 697 1896 saginantur.
746 1816 906 1897 Magnam
924 1819 955 1879 in
973 1817 1035 1880 hoc
1059 1840 1194 1882 munere
1216 1819 1355 1881 salubri-

159 1918 263 1972 tatem
302 1905 422 1967 mentis
460 1922 498 1964 ac
536 1902 680 1983 corporis
725 1902 901 1965 contulisti.
938 1905 1026 1984 quia¹
1061 1905 1218 1968 ieiunium
1257 1907 1354 1969 nobis

159 1990 345 2058 uenerabile
370 1989 538 2054 dedicasti.
585 1988 634 2051 Ut
650 1988 693 2051 ad
710 1989 911 2071 paradysum
926 1991 1046 2071 dequo
1062 2011 1128 2053 non
1154 1991 1354 2057 abstinendo

157 2080 344 2145 cecidimus.
389 2076 566 2139 ieiunando
606 2074 822 2159 sollempnius
867 2077 1046 2141 redeamus.
1091 2098 1151 2160 per
1194 2078 1354 2142 christum

158 2169 330 2234 dominum
347 2172 505 2227 nostrum.

615 2260 677 2324 Ad
686 2261 910 2344 complendum.

201 2377 361 2443 Salutaris
383 2374 430 2438 tui
454 2374 588 2437 domine
612 2394 747 2436 munere
769 2375 878 2437 satiati
903 2374 1068 2457 supplices
1097 2394 1285 2441 exoramus.
1316 2385 1352 2440 ut

156 2467 247 2531 cuius
270 2466 431 2527 laetamur
452 2472 550 2542 gustu
575 2480 771 2523 rcnouemur
784 2459 927 2545 [effectu.
952 2483 1010 2545 per
1030 2463 1202 2525 dominum
1220 2462 1275 2545 [so.
1299 2482 1353 2543 44.

156 2564 313 2617 nostrum.

614 2645 721 2728 Super
727 2649 889 2729 populum.

200 2762 349 2828 Absolue
372 2780 552 2843 quesumus
567 2760 702 2822 domine
719 2769 906 2823 nostrorum
926 2760 1058 2823 uincula
1081 2772 1302 2843 peccatorum.
1319 2773 1352 2824 et

155 2853 311 2938 quicquid
328 2871 388 2933 pro
403 2849 450 2911 eis
467 2868 640 2911 meremur.
657 2848 856 2929 propitiatus
873 2858 992 2911 auerte.
1009 2869 1074 2930 per.

652 3056 769 3119 farm
797 3057 861 3120 ΙΙΙ.

200 3195 340 3278 Respice
356 3191 490 3257 domine
506 3190 664 3253 familiam
681 3200 773 3252 tuam
790 3200 823 3252 et
839 3201 970 3272 praesta
985 3200 1022 3253 ut
1046 3191 1135 3272 apud
1158 3189 1234 3273 [te¹]
1259 3212 1355 3254 mens

155 3297 266 3352 nostra
282 3294 339 3346 tuo
355 3280 518 3344 desiderio
532 3278 663 3359 fulgeat.
679 3298 765 3359 quae
781 3299 816 3340 se
832 3280 939 3341 carnis
956 3280 1179 3343 maceratione
1201 3281 1355 3361 castigat.

155 3396 213 3460 per
228 3372 400 3436 dominum
421 3377 579 3430 nostrum.

683 3480 820 3545 Secreta.

198 3602 330 3670 Oblatis
345 3616 526 3680 quesumus
542 3592 676 3656 domine
692 3592 822 3675 placare
839 3593 1037 3656 muneribus.
1054 3602 1088 3657 et
1104 3615 1124 3656 a
1147 3594 1275 3655 cunctis
1292 3614 1356 3656 nos

153 3693 294 3763 deiende
310 3685 470 3772 periculis
488 3704 546 3765 per
561 3681 743 3745 dominum.

665 3815 845 3894 Praefatio.

197 3947 246 4011 ff)
264 3962 321 4026 per
337 3935 495 4001 christum
508 3928 681 3993 dominum
699 3937 856 3990 nostrum.
904 3927 942 3989 ln
958 3946 1025 4008 quo
1037 3926 1255 3988 ieiunantium
1269 3924 1355 3990 fides

152 4035 294 4102 additur.
312 4047 387 4110 spes
403 4019 602 4105 prouehitur.
619 4015 737 4077 caritas
754 4014 931 4076 roboratur.
979 4014 1055 4095 lpse
1078 4022 1128 4074 est
1151 4014 1239 4074 enim
1256 4015 1355 4094 panis

153 4126 248 4190 uiuus
265 4128 297 4181 ct
322 4133 425 4178 uerus.
442 4109 498 4191 qui
522 4103 709 4168 substantia
732 4101 943 4163 aeternitatis.
969 4113 1002 4162 et
1025 4120 1121 4161 aesca
1137 4100 1269 4162 uirtutis
1294 4111 1354 4163 est.

154 4210 303 4279 llorlnuu
324 4202 412 4266 enim
427 4218 485 4280 per
496 4192 586 4276 quod
604 4190 692 4252 sacta
703 4198 780 4251 sunt
790 4188 910 4249 omnia
927 4206 992 4248 non
1006 4187 1112 4248 solum
1129 4185 1352 4249 humanarum

152 4288 390 4365 ruentiumsed
408 4288 478 4369 ipse
489 4282 584 4366 panis
600 4286 650 4340 est
665 4275 867 4357 angelorum.
914 4274 1014 4338 Hunc
1030 4293 1150 4356 panem
1168 4274 1355 4337 ministrare

615 4439 623 4471 ¹
641 4449 663 4490 le
674 4439 776 4490 omitted
789 4439 814 4488 in
827 4438 883 4489 MS.
