3046 5092
420 340 591 393 NAYIUIT.
621 341 648 391 S.
679 341 867 392 IOHANNIS
891 340 1110 393 BAPTISTAE.
1312 337 1358 403 183

616 500 647 562 Α
651 497 678 561 d
687 500 914 581 complendum.

206 600 342 663 Praesta
356 621 537 681 quesumus
564 603 776 685 omnipotens
791 605 873 666 deus
889 613 926 667 ut
941 604 997 685 qui
1021 603 1177 667 caelestia
1201 601 1359 689 alimenta

161 688 377 768 percepimus.
394 689 618 752 intercedente
633 690 734 753 beato
750 690 893 754 iohanne
909 690 1056 772 baptista
1072 710 1132 772 per
1146 690 1228 752 haec
1243 697 1359 751 contra

159 774 274 836 omnia
289 776 430 838 aduersa
446 777 641 839 muniamur.
657 797 723 858 per.

639 938 702 1003 An
726 940 883 1003 Missam

204 1039 296 1101 Deus
320 1041 376 1121 qui
393 1052 610 1122 praesentem.
635 1043 738 1121 dieml
755 1042 984 1106 honorabilem
1009 1042 1104 1105 nobis
1121 1042 1155 1104 in
1182 1040 1238 1123 [so.
1269 1055 1357 1118 13ov.

161 1125 249 1188 beati
267 1127 418 1190 iohannis
435 1129 600 1210 baptistae
616 1131 792 1194 natiuitate
809 1129 922 1193 fecisti.
939 1131 983 1192 da
999 1129 1131 1211 populis
1148 1129 1212 1191 tuis
1228 1128 1358 1208 spirita·

159 1211 241 1275 lium
260 1215 401 1293 gratiam
425 1216 629 1296 gaudiorum.
647 1227 680 1279 et
703 1219 851 1280 omnium
874 1216 1022 1280 fidelium
1047 1225 1174 1278 mentes
1197 1215 1302 1296 dirige
1325 1213 1358 1275 in

160 1300 250 1361 uiam
267 1300 383 1363 salutis
398 1312 561 1366 aeternae.
578 1323 644 1385 per.

693 1415 830 1479 Secreta.

203 1509 279 1572 Tua
294 1531 354 1574 nos
369 1512 505 1575 domine
520 1514 712 1577 muneribus
727 1515 844 1578 altaria
866 1514 1081 1577 cumulamus.
1097 1513 1183 1575 illius
1206 1512 1360 1575 natiuita-

159 1604 229 1658 tem
245 1597 370 1661 honore
386 1600 500 1662 debito
523 1599 735 1663 celebrantes.
751 1602 807 1683 qui
823 1601 1023 1664 saluatorem
1046 1600 1161 1663 mundi
1184 1610 1218 1661 et
1242 1598 1361 1660 cecinit

159 1681 362 1831 apspturum.
397 1695 431 1748 et
464 1686 581 1749 adesse
620 1689 825 1751 monstrauit.
864 1689 1037 1751 dominum
1073 1696 1222 1750 nostrum
1255 1685 1358 1747 iesum

158 1790 176 1832 c
203 1781 328 1834 nstum.

671 1886 852 1965 Praefatio.

205 1981 255 2044 (Β
272 1991 405 2044 aeterne
420 1983 510 2046 deus.
557 1984 602 2047 Et
625 1984 658 2046 in
676 1984 730 2047 die
757 1983 946 2048 sestiuitatis
969 1983 1148 2047 hodiernae
1163 2002 1230 2064 qua
1244 1982 1362 2045 beatus

159 2067 321 2130 iohannes
352 2079 490 2133 exortus
519 2081 579 2132 est.
610 2080 702 2133 tuam
739 2070 1020 2153 magnificentiam
1058 2070 1266 2133 conlaudare
1304 2069 1361 2149 qui

160 2173 280 2216 uocem
304 2156 419 2218 matris
443 2157 569 2220 domini
593 2156 742 2220 nondum
768 2159 877 2220 editus
898 2158 1008 2220 sensit.
1036 2166 1070 2220 et
1096 2156 1205 2220 adhuc
1230 2154 1360 2217 clausus

159 2250 263 2303 utero
280 2241 462 2306 aduentum
478 2243 595 2306 salutis
617 2244 784 2307 humanae
806 2244 1000 2325 prophetica
1015 2243 1223 2306 exultatione
1238 2240 1361 2323 signifi-

159 2327 257 2390 cauit
275 2328 331 2409 qui
348 2340 381 2391 et
402 2330 579 2411 genetricis
595 2330 804 2394 sterilitatem
830 2341 1011 2413 conceptus
1038 2330 1183 2393 abstulit.
1200 2338 1233 2392 et
1258 2328 1361 2410 patris

159 2413 309 2496 linguam
346 2425 444 2479 natus
489 2416 642 2480 absoluit.
709 2417 874 2498 Solusque
918 2418 1067 2480 omnium
1115 2416 1360 2498 prophetarum.

159 2501 405 2583 redemptorem
429 2504 544 2565 mundi
560 2523 660 2585 quem
684 2505 911 2586 pronuntiauit
933 2505 1089 2567 ostendit.
1136 2503 1181 2566 Et
1197 2512 1234 2565 ut
1249 2521 1362 2565 sacrae

159 2586 398 2670 purificationis
413 2588 568 2653 effectum
585 2611 746 2672 aquarum
772 2602 890 2653 natura
904 2591 1092 2672 conciperet
1114 2587 1361 2653 sanctificandis

159 2673 307 2737 iordanis
323 2673 455 2738 fluentis
471 2685 505 2739 et
528 2677 637 2758 ipsum
653 2677 822 2760 baptismo
847 2676 1056 2758 baptismatis
1077 2677 1159 2740 lauit
1182 2685 1359 2739 auctorem.

158 2770 193 2823 et
209 2761 293 2824 ideo.

610 2875 640 2937 Α
646 2874 672 2936 d
681 2874 909 2957 complendum.

204 2969 367 3054 [8¹]umat
382 2973 542 3036 aecclesia
558 2983 615 3037 tua
639 2974 720 3037 deus
739 2974 828 3037 beati
854 2974 1006 3036 iohannis
1033 2973 1201 3056 baptistae
1227 2992 1359 3055 genera-

158 3059 250 3120 tione
266 3058 436 3123 laetitiam.
453 3080 625 3142 perquem
642 3081 722 3125 suae
738 3061 995 3144 regenerationis
1006 3061 1166 3142 cognouit
1181 3069 1359 3123 auctorem.

158 3164 226 3227 per.

636 3258 699 3322 Ad
710 3270 883 3342 uesperum.

203 3354 298 3418 Deus
313 3355 370 3436 qui
385 3357 548 3437 conspicis
563 3358 642 3439 quia
665 3358 811 3440 undique
834 3358 922 3421 mala
944 3367 1058 3420 nostra
1079 3356 1285 3420 contristant.
1302 3376 1360 3437 per

157 3462 405 3523 praecursorem
443 3444 556 3524 gaudii
600 3447 702 3508 corda
738 3455 852 3509 nostra
895 3442 1044 3508 laetifica
1083 3464 1141 3526 per
1185 3444 1357 3506 dominum

157 3538 319 3591 nostrum.

716 3642 808 3706 Alia.

204 3738 298 3801 Deus
327 3738 384 3819 qui
415 3759 475 3802 nos
505 3739 594 3802 beati
628 3739 780 3803 iohannis
813 3741 987 3823 baptistae.
1018 3741 1171 3802 concedis
1202 3739 1357 3802 natalicio

155 3824 290 3907 perimi.
306 3825 376 3887 eius
392 3845 453 3888 nos
475 3826 583 3889 tribue
606 3829 731 3890 meritis
754 3827 925 3904 adliuuari.
949 3847 1008 3910 per
1022 3826 1194 3889 dominum
1213 3825 1267 3908 [so.
1289 3842 1356 3905 131.

157 3921 318 3974 nostrum.

713 4024 807 4089 Alia.

202 4122 258 4186 Da
295 4141 476 4203 quesumus
512 4123 724 4206 omnipotens
761 4125 851 4188 deus.
882 4125 969 4189 intra
1005 4135 1141 4190 sanctae
1177 4122 1356 4186 aecclesiae

156 4219 289 4273 uterum
306 4209 514 4272 constitutos.
531 4230 571 4271 co
587 4229 647 4272 nos
670 4211 786 4292 spiritu
803 4211 846 4274 ab
861 4211 1037 4294 iniquitate
1052 4222 1165 4275 nostra
1180 4209 1357 4272 iustificari.

154 4316 224 4379 quo
263 4295 399 4359 beatum
437 4296 615 4359 iohannem
653 4297 740 4359 intra
776 4299 904 4361 uiscera
941 4309 1092 4363 matema
1121 4297 1262 4361 docuisti
1299 4316 1358 4379 per

155 4381 302 4447 eundem
315 4383 488 4446 dominum
506 4392 664 4447 nostrum.

419 4497 429 4530 ¹
445 4500 507 4551 This
519 4502 591 4552 letter
602 4502 648 4552 hus
659 4502 722 4553 been
733 4502 839 4553 omitted
850 4503 883 4568 by
895 4504 938 4555 the
948 4504 1110 4556 illuminator.
