3046 5092
202 572 256 641 Θ
277 571 405 657 gratius
424 590 537 655 ogere
559 578 643 635 nota
668 570 808 637 anim
832 590 972 637 rumen
992 592 1198 641 noum
1219 574 1355 641 donne

155 656 992 829 misnenses-m
1001 658 1354 815 suum

129 834 256 903 .titern
281 832 411 917 ingenti
435 830 563 897 lumine
590 846 831 897 oomseanuem
860 852 992 899 morum
1012 832 1154 899 lenitate
1173 832 1355 919 pollentem

158 920 238 987 fidei
260 918 392 985 fauore
413 916 621 1003 domantem
635 918 760 1003 eloquii
784 918 880 983 sonte
892 920 1147 987 redundantem
1192 920 1258 989 Cui
1271 940 1354 1007 quae

162 1008 208 1073 sit
220 1006 386 1093 gloriatio.
399 1004 548 1071 ostendit
561 1024 742 1069 concursus
754 1006 800 1069 nd
813 1006 990 1072 nrmulum.
1033 1006 1230 1073 Purificatio
1251 1007 1355 1075 ineur-

157 1114 279 1160 sorum
294 1092 426 1159 medela
439 1090 682 1175 languentium.
696 1092 922 1157 mirandamm
948 1092 1046 1177 signa
1069 1095 1245 1161 uirtutum
1288 1093 1353 1179 Qui

157 1192 194 1247 et
220 1182 251 1247 si
278 1180 334 1245 hic
362 1178 558 1245 naturaliter
585 1176 664 1243 iecit
692 1175 794 1243 finem
923 1180 1109 1247 transitum
1139 1180 1209 1247 illic
1234 1182 1354 1248 uiuunt

157 1264 862 1437 ffififfifflmissilifflssffl'ied'
886 1268 1074 1351 'M'
1095 1268 1276 1335 Μ’
1297 1277 1351 1335 ⁶²

603 1505 668 1572 Aa
682 1506 909 1589 compleam

201 1618 389 1705 Sollempni
411 1618 531 1685 sedulo
552 1618 716 1683 diuinitus
739 1618 885 1685 roborati
909 1628 990 1685 tuae
1017 1620 1154 1703 pietatis
1175 1642 1351 1687 &oramus

157 1706 371 1773 clementiam
404 1705 542 1771 domine
563 1704 655 1771 deris
678 1715 718 1771 ut
742 1716 880 1771 sancus
900 1708 1090 1773 dunstanus
1114 1708 1275 1791 pontifex
1296 1728 1352 1793 pro

157 1794 257 1861 nohis
279 1804 400 1859 exoret
423 1792 459 1857 in
482 1790 577 1859 caelo
598 1793 693 1857 cuius
716 1812 833 1859 sumus
854 1794 890 1859 in
913 1794 1174 1861 terrisadbene
1276 1797 1349 1861 dun

157 1878 918 1967 erudio¹lexemploperdoroinumnostrum
1186 1816 1350 1969 affirm

632 2032 696 2097 Ad

198 2144 294 2211 Deus
318 2142 467 2209 fidelium
490 2042 939 2211 emmerammus
965 2154 1099 2230 praesta
1120 2154 1348 2231 quesumusut

154 2232 246 2297 beuti
259 2230 419 2296 dunstani
433 2228 633 2295 confessoris
646 2232 696 2297 tui
718 2240 822 2315 atque
881 2230 1006 2298 ntificis
1018 2234 1116 2299 cuius
1128 2234 1346 2301 uenerandum

154 2316 381 2385 oadebnmus
395 2316 621 2383 lestiuitatem
635 2318 709 2383 eius
721 2320 833 2402 praeci
911 2319 1157 2404 indulgentiam
1171 2338 1345 2407 comaque·

154 2424 238 2471 mur.
251 2422 319 2489 per.

712 2541 801 2604 ΑΙία.

198 2654 292 2718 Deus
315 2654 371 2736 qui
396 2672 457 2716 nos
480 2651 570 2717 beati
593 2654 751 2717 dunstani
775 2653 972 2717 confessoris
998 2654 1046 2719 tui
1069 2666 1174 2739 atque
1188 2656 1336 2740 pontificis

154 2761 267 2806 annua
302 2740 549 2822 sollempnitate
587 2739 754 2803 laetificas
793 2744 939 2804 concede
974 2742 1147 2825 propitius
1186 2755 1224 2809 ut
1258 2745 1334 2807 cuius

154 2828 310 2980 gatalicia
333 2826 472 2890 colimus
495 2826 539 2889 de
560 2827 709 2890 eiusdem
725 2828 827 2891 etiam
842 2831 1048 2911 protectione
1064 2831 1275 2912 gaudeamus
1289 2846 1334 2912 per

177 2935 336 2980 ominum.

218 3159 296 3209 v111.
321 3144 413 3207 ΚΑΙ,
438 3142 521 3207 Iun.
545 3142 702 3205 Nasam:
726 3142 868 3207 Sinon
895 3143 1049 3208 Ursam
1073 3145 1276 3209 Masurius.

197 3274 253 3337 Da
278 3291 458 3355 quesumus
483 3270 696 3354 omnipotens
720 3272 803 3334 deus
828 3281 864 3335 ut
887 3272 944 3354 qui
960 3272 1050 3336 beati
1066 3275 1184 3338 urbani
1201 3265 1328 3352 nuutyfl’s

153 3362 203 3425 tui
229 3370 330 3442 atque
355 3357 522 3441 pontificis
548 3357 747 3439 sollempnia
770 3358 920 3422 colimus.
935 3360 1006 3422 eius
1031 3362 1123 3442 apud
1148 3372 1182 3426 te
1197 3364 1325 3424 interces-

154 3448 304 3512 sionibus
318 3446 522 3509 adiuuemur.
538 3464 597 3527 per
612 3443 786 3507 dominum
802 3456 962 3510 nostrum.

687 3599 824 3666 Secreta.

200 3717 296 3780 Haec
324 3715 434 3778 hostia
460 3712 595 3777 domine
618 3733 800 3795 quesumus
826 3716 987 3779 emundet
1019 3727 1133 3781 nostra
1164 3718 1282 3782 delicta
1301 3713 1324 3768 et

154 3802 350 3868 sacrificium
376 3801 632 3865 caelebrandum
658 3801 868 3865 subditorum
899 3802 959 3866 tibi
989 3823 1129 3887 corpora
1160 3810 1325 3880 mentesque

154 3889 347 3955 sanctificet
358 3908 418 3972 per
432 3887 614 3950 dominum.

600 4042 664 4105 Ad
680 4043 908 4125 complendum.

199 4153 328 4220 Reiecti
351 4152 606 4237 participatione
632 4155 778 4217 muneris
803 4156 885 4218 sacri
901 4176 1083 4238 quesumus
1108 4160 1244 4223 domine
1267 4156 1326 4221 deus
1382 4160 1385 4281 1

154 4253 268 4309 noster
282 4251 320 4307 ut
334 4241 428 4306 cuius
443 4240 642 4325 exequimur
654 4239 781 4305 cultum
797 4244 981 4307 sentiamus
998 4242 1164 4309 effectum:
1179 4267 1244 4329 per.
1382 4324 1385 4353 Ι

624 4434 917 4493 ¹SoMSimndeir'.
