<?xml version="1.0" encoding="UTF-8"?>
<!DOCTYPE html PUBLIC "-//W3C//DTD XHTML 1.0 Transitional//EN"
    "http://www.w3.org/TR/xhtml1/DTD/xhtml1-transitional.dtd">
<html xmlns="http://www.w3.org/1999/xhtml" xml:lang="en" lang="en">
 <head>
  <title>
</title>
<meta http-equiv="Content-Type" content="text/html;charset=utf-8" />
  <meta name='ocr-system' content='tesseract 3.04.00' />
  <meta name='ocr-capabilities' content='ocr_page ocr_carea ocr_par ocr_line ocrx_word'/>
</head>
<body>
  <div class='ocr_page' id='page_1' title='image "./missalrobertjum01wilsgoog_0162.png"; bbox 0 0 3046 5092; ppageno 0'>
   <div class='ocr_carea' id='block_1_1' title="bbox 499 251 1018 303">
    <p class='ocr_par' dir='ltr' id='par_1_1' title="bbox 499 251 1018 303">
     <span class='ocr_line' id='line_1_1' title="bbox 499 251 1018 303; baseline -0.004 0"><span class='ocrx_word' id='word_1_1' title='bbox 499 253 615 303; x_wconf 82' lang='lat' dir='ltr'><em>FERIA</em></span> <span class='ocrx_word' id='word_1_2' title='bbox 647 252 689 302; x_wconf 89' lang='lat' dir='ltr'>VI.</span> <span class='ocrx_word' id='word_1_3' title='bbox 717 251 765 301; x_wconf 89' lang='lat' dir='ltr'>IN</span> <span class='ocrx_word' id='word_1_4' title='bbox 786 251 1018 303; x_wconf 74' lang='lat' dir='ltr'><em>PARASCEUE.</em></span> 
     </span>
    </p>
   </div>
   <div class='ocr_carea' id='block_1_2' title="bbox 614 455 892 535">
    <p class='ocr_par' dir='ltr' id='par_1_2' title="bbox 614 455 892 535">
     <span class='ocr_line' id='line_1_2' title="bbox 614 455 892 535; baseline 0.004 -17"><span class='ocrx_word' id='word_1_5' title='bbox 614 455 638 519; x_wconf 91' lang='lat' dir='ltr'><em>I</em></span> <span class='ocrx_word' id='word_1_6' title='bbox 636 456 715 535; x_wconf 85' lang='lat' dir='ltr'>nfra</span> <span class='ocrx_word' id='word_1_7' title='bbox 729 456 892 519; x_wconf 81' lang='lat' dir='ltr'><em>actionem.</em></span> 
     </span>
    </p>
   </div>
   <div class='ocr_carea' id='block_1_3' title="bbox 155 567 1361 809">
    <p class='ocr_par' dir='ltr' id='par_1_3' title="bbox 155 567 1361 809">
     <span class='ocr_line' id='line_1_3' title="bbox 199 567 1361 650; baseline -0.003 -16"><span class='ocrx_word' id='word_1_8' title='bbox 199 570 493 635; x_wconf 88' lang='lat' dir='ltr'>Communicantes</span> <span class='ocrx_word' id='word_1_9' title='bbox 530 577 564 631; x_wconf 90' lang='lat' dir='ltr'>et</span> <span class='ocrx_word' id='word_1_10' title='bbox 601 569 689 632; x_wconf 91' lang='lat' dir='ltr'>diem</span> <span class='ocrx_word' id='word_1_11' title='bbox 728 569 987 632; x_wconf 90' lang='lat' dir='ltr'>sacratissimum</span> <span class='ocrx_word' id='word_1_12' title='bbox 1026 567 1261 632; x_wconf 90' lang='lat' dir='ltr'>caelebrantes.</span> <span class='ocrx_word' id='word_1_13' title='bbox 1293 589 1361 650; x_wconf 90' lang='lat' dir='ltr'>quo</span> 
     </span>
     <span class='ocr_line' id='line_1_4' title="bbox 155 655 1361 738; baseline -0.002 -18"><span class='ocrx_word' id='word_1_14' title='bbox 155 659 309 720; x_wconf 87' lang='lat' dir='ltr'>dominus</span> <span class='ocrx_word' id='word_1_15' title='bbox 340 668 453 719; x_wconf 91' lang='lat' dir='ltr'>noster</span> <span class='ocrx_word' id='word_1_16' title='bbox 475 658 561 719; x_wconf 90' lang='lat' dir='ltr'>iesus</span> <span class='ocrx_word' id='word_1_17' title='bbox 584 655 725 719; x_wconf 89' lang='lat' dir='ltr'>christus</span> <span class='ocrx_word' id='word_1_18' title='bbox 750 677 811 738; x_wconf 93' lang='lat' dir='ltr'>pro</span> <span class='ocrx_word' id='word_1_19' title='bbox 841 656 936 718; x_wconf 91' lang='lat' dir='ltr'>nobis</span> <span class='ocrx_word' id='word_1_20' title='bbox 960 666 1010 718; x_wconf 87' lang='lat' dir='ltr'>est</span> <span class='ocrx_word' id='word_1_21' title='bbox 1036 657 1185 719; x_wconf 88' lang='lat' dir='ltr'>traditus.</span> <span class='ocrx_word' id='word_1_22' title='bbox 1233 655 1301 721; x_wconf 87' lang='lat' dir='ltr'>Sed</span> <span class='ocrx_word' id='word_1_23' title='bbox 1327 669 1361 718; x_wconf 88' lang='lat' dir='ltr'>et</span> 
     </span>
     <span class='ocr_line' id='line_1_5' title="bbox 156 747 571 809; baseline 0.002 -2"><span class='ocrx_word' id='word_1_24' title='bbox 156 747 350 808; x_wconf 85' lang='lat' dir='ltr'>memoriam</span> <span class='ocrx_word' id='word_1_25' title='bbox 366 753 571 809; x_wconf 87' lang='lat' dir='ltr'>uenerantes.</span> 
     </span>
    </p>
   </div>
   <div class='ocr_carea' id='block_1_4' title="bbox 708 845 800 910">
    <p class='ocr_par' dir='ltr' id='par_1_4' title="bbox 708 845 800 910">
     <span class='ocr_line' id='line_1_6' title="bbox 708 845 800 910; baseline -0.022 0"><span class='ocrx_word' id='word_1_26' title='bbox 708 845 800 910; x_wconf 81' lang='lat' dir='ltr'>Item.</span> 
     </span>
    </p>
   </div>
   <div class='ocr_carea' id='block_1_5' title="bbox 154 957 1364 1302">
    <p class='ocr_par' dir='ltr' id='par_1_5' title="bbox 154 957 1364 1302">
     <span class='ocr_line' id='line_1_7' title="bbox 200 957 1362 1040; baseline -0.003 -18"><span class='ocrx_word' id='word_1_27' title='bbox 200 959 298 1022; x_wconf 88' lang='lat' dir='ltr'>Hanc</span> <span class='ocrx_word' id='word_1_28' title='bbox 336 958 435 1040; x_wconf 90' lang='lat' dir='ltr'>igitur</span> <span class='ocrx_word' id='word_1_29' title='bbox 464 957 667 1019; x_wconf 83' lang='lat' dir='ltr'>oblationem</span> <span class='ocrx_word' id='word_1_30' title='bbox 698 957 865 1020; x_wconf 90' lang='lat' dir='ltr'>seruitutis</span> <span class='ocrx_word' id='word_1_31' title='bbox 895 967 1027 1020; x_wconf 89' lang='lat' dir='ltr'>nostrae</span> <span class='ocrx_word' id='word_1_32' title='bbox 1057 958 1129 1021; x_wconf 78' lang='lat' dir='ltr'>sed,</span> <span class='ocrx_word' id='word_1_33' title='bbox 1150 966 1185 1020; x_wconf 86' lang='lat' dir='ltr'>et</span> <span class='ocrx_word' id='word_1_34' title='bbox 1222 968 1362 1020; x_wconf 87' lang='lat' dir='ltr'>cunctae</span> 
     </span>
     <span class='ocr_line' id='line_1_8' title="bbox 154 1042 1364 1126; baseline -0.002 -17"><span class='ocrx_word' id='word_1_35' title='bbox 154 1046 298 1109; x_wconf 81' lang='lat' dir='ltr'>familiae</span> <span class='ocrx_word' id='word_1_36' title='bbox 314 1055 390 1107; x_wconf 89' lang='lat' dir='ltr'>tuae</span> <span class='ocrx_word' id='word_1_37' title='bbox 406 1065 505 1126; x_wconf 88' lang='lat' dir='ltr'>quam</span> <span class='ocrx_word' id='word_1_38' title='bbox 523 1043 582 1107; x_wconf 88' lang='lat' dir='ltr'>tibi</span> <span class='ocrx_word' id='word_1_39' title='bbox 599 1042 768 1106; x_wconf 83' lang='lat' dir='ltr'>offerimus</span> <span class='ocrx_word' id='word_1_40' title='bbox 783 1045 827 1106; x_wconf 91' lang='lat' dir='ltr'>ob</span> <span class='ocrx_word' id='word_1_41' title='bbox 843 1045 931 1106; x_wconf 90' lang='lat' dir='ltr'>diem</span> <span class='ocrx_word' id='word_1_42' title='bbox 948 1045 981 1105; x_wconf 90' lang='lat' dir='ltr'>in</span> <span class='ocrx_word' id='word_1_43' title='bbox 997 1065 1064 1125; x_wconf 90' lang='lat' dir='ltr'>qua</span> <span class='ocrx_word' id='word_1_44' title='bbox 1081 1045 1237 1107; x_wconf 91' lang='lat' dir='ltr'>dominus</span> <span class='ocrx_word' id='word_1_45' title='bbox 1250 1056 1364 1106; x_wconf 86' lang='lat' dir='ltr'>noster</span> 
     </span>
     <span class='ocr_line' id='line_1_9' title="bbox 155 1131 1362 1213; baseline -0.002 -18"><span class='ocrx_word' id='word_1_46' title='bbox 155 1135 242 1196; x_wconf 85' lang='lat' dir='ltr'>iesus</span> <span class='ocrx_word' id='word_1_47' title='bbox 267 1133 408 1195; x_wconf 88' lang='lat' dir='ltr'>christus</span> <span class='ocrx_word' id='word_1_48' title='bbox 431 1132 568 1194; x_wconf 85' lang='lat' dir='ltr'>tradidit</span> <span class='ocrx_word' id='word_1_49' title='bbox 592 1131 761 1212; x_wconf 87' lang='lat' dir='ltr'>discipulis</span> <span class='ocrx_word' id='word_1_50' title='bbox 794 1133 862 1193; x_wconf 87' lang='lat' dir='ltr'>suis</span> <span class='ocrx_word' id='word_1_51' title='bbox 887 1133 1033 1212; x_wconf 91' lang='lat' dir='ltr'>corporis</span> <span class='ocrx_word' id='word_1_52' title='bbox 1057 1140 1091 1195; x_wconf 89' lang='lat' dir='ltr'>et</span> <span class='ocrx_word' id='word_1_53' title='bbox 1115 1132 1288 1213; x_wconf 85' lang='lat' dir='ltr'>sanguinis</span> <span class='ocrx_word' id='word_1_54' title='bbox 1313 1133 1362 1194; x_wconf 91' lang='lat' dir='ltr'>sui</span> 
     </span>
     <span class='ocr_line' id='line_1_10' title="bbox 156 1218 910 1302; baseline -0.004 -20"><span class='ocrx_word' id='word_1_55' title='bbox 156 1221 312 1302; x_wconf 89' lang='lat' dir='ltr'>mysteria</span> <span class='ocrx_word' id='word_1_56' title='bbox 328 1218 553 1282; x_wconf 90' lang='lat' dir='ltr'>caelebranda.</span> <span class='ocrx_word' id='word_1_57' title='bbox 569 1238 750 1298; x_wconf 88' lang='lat' dir='ltr'>quesumus</span> <span class='ocrx_word' id='word_1_58' title='bbox 766 1218 910 1281; x_wconf 88' lang='lat' dir='ltr'>domine.</span> 
     </span>
    </p>
   </div>
   <div class='ocr_carea' id='block_1_6' title="bbox 713 1349 804 1413">
    <p class='ocr_par' dir='ltr' id='par_1_6' title="bbox 713 1349 804 1413">
     <span class='ocr_line' id='line_1_11' title="bbox 713 1349 804 1413; baseline 0.022 -2"><span class='ocrx_word' id='word_1_59' title='bbox 713 1349 804 1413; x_wconf 84' lang='lat' dir='ltr'>Alia.</span> 
     </span>
    </p>
   </div>
   <div class='ocr_carea' id='block_1_7' title="bbox 154 1461 1364 1631">
    <p class='ocr_par' dir='ltr' id='par_1_7' title="bbox 154 1461 1364 1631">
     <span class='ocr_line' id='line_1_12' title="bbox 199 1461 1364 1544; baseline -0.001 -19"><span class='ocrx_word' id='word_1_60' title='bbox 199 1462 265 1544; x_wconf 88' lang='lat' dir='ltr'>Qui</span> <span class='ocrx_word' id='word_1_61' title='bbox 282 1462 386 1543; x_wconf 87' lang='lat' dir='ltr'>pridie</span> <span class='ocrx_word' id='word_1_62' title='bbox 401 1481 503 1542; x_wconf 92' lang='lat' dir='ltr'>quam</span> <span class='ocrx_word' id='word_1_63' title='bbox 519 1481 579 1541; x_wconf 91' lang='lat' dir='ltr'>pro</span> <span class='ocrx_word' id='word_1_64' title='bbox 603 1470 715 1523; x_wconf 89' lang='lat' dir='ltr'>nostra</span> <span class='ocrx_word' id='word_1_65' title='bbox 738 1461 887 1523; x_wconf 90' lang='lat' dir='ltr'>omnium</span> <span class='ocrx_word' id='word_1_66' title='bbox 910 1461 1016 1524; x_wconf 88' lang='lat' dir='ltr'>salute</span> <span class='ocrx_word' id='word_1_67' title='bbox 1040 1471 1217 1543; x_wconf 89' lang='lat' dir='ltr'>pateretur.</span> <span class='ocrx_word' id='word_1_68' title='bbox 1233 1462 1297 1526; x_wconf 91' lang='lat' dir='ltr'>hoc</span> <span class='ocrx_word' id='word_1_69' title='bbox 1313 1474 1364 1525; x_wconf 91' lang='lat' dir='ltr'>est</span> 
     </span>
     <span class='ocr_line' id='line_1_13' title="bbox 154 1548 1241 1631; baseline -0.002 -18"><span class='ocrx_word' id='word_1_70' title='bbox 154 1550 253 1613; x_wconf 89' lang='lat' dir='ltr'>hodie</span> <span class='ocrx_word' id='word_1_71' title='bbox 269 1550 395 1631; x_wconf 88' lang='lat' dir='ltr'>accepit</span> <span class='ocrx_word' id='word_1_72' title='bbox 412 1567 532 1630; x_wconf 89' lang='lat' dir='ltr'>panem</span> <span class='ocrx_word' id='word_1_73' title='bbox 549 1548 581 1609; x_wconf 91' lang='lat' dir='ltr'>in</span> <span class='ocrx_word' id='word_1_74' title='bbox 598 1559 729 1611; x_wconf 91' lang='lat' dir='ltr'>sanctas</span> <span class='ocrx_word' id='word_1_75' title='bbox 746 1568 784 1610; x_wconf 91' lang='lat' dir='ltr'>ac</span> <span class='ocrx_word' id='word_1_76' title='bbox 800 1548 1005 1611; x_wconf 88' lang='lat' dir='ltr'>uenerabiles</span> <span class='ocrx_word' id='word_1_77' title='bbox 1022 1569 1140 1611; x_wconf 89' lang='lat' dir='ltr'>manus</span> <span class='ocrx_word' id='word_1_78' title='bbox 1156 1570 1241 1612; x_wconf 89' lang='lat' dir='ltr'>suas.</span> 
     </span>
    </p>
   </div>
   <div class='ocr_carea' id='block_1_8' title="bbox 609 1687 905 1769">
    <p class='ocr_par' dir='ltr' id='par_1_8' title="bbox 609 1687 905 1769">
     <span class='ocr_line' id='line_1_14' title="bbox 609 1687 905 1769; baseline 0.003 -18"><span class='ocrx_word' id='word_1_79' title='bbox 609 1687 672 1751; x_wconf 80' lang='lat' dir='ltr'>Ad</span> <span class='ocrx_word' id='word_1_80' title='bbox 681 1688 905 1769; x_wconf 81' lang='lat' dir='ltr'>complendum.</span> 
     </span>
    </p>
   </div>
   <div class='ocr_carea' id='block_1_9' title="bbox 155 1799 1366 2056">
    <p class='ocr_par' dir='ltr' id='par_1_9' title="bbox 155 1799 1366 2056">
     <span class='ocr_line' id='line_1_15' title="bbox 200 1799 1364 1882; baseline 0.001 -19"><span class='ocrx_word' id='word_1_81' title='bbox 200 1801 329 1864; x_wconf 81' lang='lat' dir='ltr'>Refecti</span> <span class='ocrx_word' id='word_1_82' title='bbox 353 1800 509 1863; x_wconf 89' lang='lat' dir='ltr'>uitalibus</span> <span class='ocrx_word' id='word_1_83' title='bbox 533 1799 700 1863; x_wconf 88' lang='lat' dir='ltr'>alimentis</span> <span class='ocrx_word' id='word_1_84' title='bbox 723 1822 903 1882; x_wconf 88' lang='lat' dir='ltr'>quesumus</span> <span class='ocrx_word' id='word_1_85' title='bbox 926 1801 1062 1863; x_wconf 90' lang='lat' dir='ltr'>domine</span> <span class='ocrx_word' id='word_1_86' title='bbox 1085 1801 1167 1864; x_wconf 89' lang='lat' dir='ltr'>deus</span> <span class='ocrx_word' id='word_1_87' title='bbox 1191 1810 1305 1864; x_wconf 90' lang='lat' dir='ltr'>noster</span> <span class='ocrx_word' id='word_1_88' title='bbox 1328 1813 1364 1864; x_wconf 92' lang='lat' dir='ltr'>ut</span> 
     </span>
     <span class='ocr_line' id='line_1_16' title="bbox 155 1888 1366 1970; baseline 0.002 -21"><span class='ocrx_word' id='word_1_89' title='bbox 155 1889 245 1969; x_wconf 92' lang='lat' dir='ltr'>quod</span> <span class='ocrx_word' id='word_1_90' title='bbox 277 1898 447 1967; x_wconf 89' lang='lat' dir='ltr'>temporae</span> <span class='ocrx_word' id='word_1_91' title='bbox 478 1899 610 1950; x_wconf 90' lang='lat' dir='ltr'>nostrae</span> <span class='ocrx_word' id='word_1_92' title='bbox 642 1888 853 1951; x_wconf 85' lang='lat' dir='ltr'>mortalitatis</span> <span class='ocrx_word' id='word_1_93' title='bbox 883 1890 1089 1970; x_wconf 86' lang='lat' dir='ltr'>exequimur.</span> <span class='ocrx_word' id='word_1_94' title='bbox 1113 1889 1366 1952; x_wconf 83' lang='lat' dir='ltr'>inmortalitatis</span> 
     </span>
     <span class='ocr_line' id='line_1_17' title="bbox 156 1979 731 2056; baseline -0.002 -19"><span class='ocrx_word' id='word_1_95' title='bbox 156 1985 233 2037; x_wconf 88' lang='lat' dir='ltr'>tuae</span> <span class='ocrx_word' id='word_1_96' title='bbox 250 1995 385 2036; x_wconf 89' lang='lat' dir='ltr'>munere</span> <span class='ocrx_word' id='word_1_97' title='bbox 401 1979 649 2056; x_wconf 79' lang='lat' dir='ltr'>consequamur.</span> <span class='ocrx_word' id='word_1_98' title='bbox 667 1995 731 2056; x_wconf 89' lang='lat' dir='ltr'>per.</span> 
     </span>
    </p>
   </div>
   <div class='ocr_carea' id='block_1_10' title="bbox 498 2159 1019 2224">
    <p class='ocr_par' dir='ltr' id='par_1_10' title="bbox 498 2159 1019 2224">
     <span class='ocr_line' id='line_1_18' title="bbox 498 2159 1019 2224; baseline 0.002 -3"><span class='ocrx_word' id='word_1_99' title='bbox 498 2159 615 2222; x_wconf 68' lang='lat' dir='ltr'>Fenus</span> <span class='ocrx_word' id='word_1_100' title='bbox 638 2159 699 2223; x_wconf 91' lang='lat' dir='ltr'>Vl.</span> <span class='ocrx_word' id='word_1_101' title='bbox 724 2173 765 2223; x_wconf 80' lang='lat' dir='ltr'>nr</span> <span class='ocrx_word' id='word_1_102' title='bbox 792 2160 1019 2224; x_wconf 76' lang='lat' dir='ltr'>Pnanscuun.</span> 
     </span>
    </p>
   </div>
   <div class='ocr_carea' id='block_1_11' title="bbox 203 2292 1072 2361">
    <p class='ocr_par' dir='ltr' id='par_1_11' title="bbox 203 2292 1072 2361">
     <span class='ocr_line' id='line_1_19' title="bbox 203 2292 1072 2361; baseline 0.007 -6"><span class='ocrx_word' id='word_1_103' title='bbox 203 2292 298 2356; x_wconf 90' lang='lat' dir='ltr'>Haec</span> <span class='ocrx_word' id='word_1_104' title='bbox 314 2295 394 2358; x_wconf 91' lang='lat' dir='ltr'>dicit</span> <span class='ocrx_word' id='word_1_105' title='bbox 409 2296 565 2359; x_wconf 90' lang='lat' dir='ltr'>dominus</span> <span class='ocrx_word' id='word_1_106' title='bbox 580 2297 671 2360; x_wconf 89' lang='lat' dir='ltr'>deus.</span> <span class='ocrx_word' id='word_1_107' title='bbox 719 2298 757 2358; x_wconf 89' lang='lat' dir='ltr'>ln</span> <span class='ocrx_word' id='word_1_108' title='bbox 773 2296 988 2359; x_wconf 87' lang='lat' dir='ltr'>tribulatione</span> <span class='ocrx_word' id='word_1_109' title='bbox 1003 2317 1072 2361; x_wconf 77' lang='lat' dir='ltr'>sua</span> 
     </span>
    </p>
   </div>
   <div class='ocr_carea' id='block_1_12' title="bbox 207 2445 835 2609">
    <p class='ocr_par' dir='ltr' id='par_1_12' title="bbox 207 2445 835 2609">
     <span class='ocr_line' id='line_1_20' title="bbox 691 2445 835 2510; baseline 0.014 -3"><span class='ocrx_word' id='word_1_110' title='bbox 691 2445 835 2510; x_wconf 84' lang='lat' dir='ltr'>Tractus.</span> 
     </span>
     <span class='ocr_line' id='line_1_21' title="bbox 207 2544 493 2609; baseline 0.014 -4"><span class='ocrx_word' id='word_1_111' title='bbox 207 2544 353 2607; x_wconf 90' lang='lat' dir='ltr'>Domine</span> <span class='ocrx_word' id='word_1_112' title='bbox 371 2548 493 2609; x_wconf 88' lang='lat' dir='ltr'>audiui.</span> 
     </span>
    </p>
   </div>
   <div class='ocr_carea' id='block_1_13' title="bbox 205 2659 946 2743">
    <p class='ocr_par' dir='ltr' id='par_1_13' title="bbox 205 2659 946 2743">
     <span class='ocr_line' id='line_1_22' title="bbox 205 2659 946 2743; baseline 0.007 -24"><span class='ocrx_word' id='word_1_113' title='bbox 205 2659 296 2720; x_wconf 80' lang='lat' dir='ltr'>Deus</span> <span class='ocrx_word' id='word_1_114' title='bbox 313 2680 414 2739; x_wconf 86' lang='lat' dir='ltr'>aquo</span> <span class='ocrx_word' id='word_1_115' title='bbox 431 2670 463 2722; x_wconf 87' lang='lat' dir='ltr'>et</span> <span class='ocrx_word' id='word_1_116' title='bbox 480 2661 574 2722; x_wconf 89' lang='lat' dir='ltr'>iudas</span> <span class='ocrx_word' id='word_1_117' title='bbox 591 2671 700 2723; x_wconf 88' lang='lat' dir='ltr'>reatus</span> <span class='ocrx_word' id='word_1_118' title='bbox 716 2662 774 2724; x_wconf 89' lang='lat' dir='ltr'>sui.</span> <span class='ocrx_word' id='word_1_119' title='bbox 790 2671 828 2724; x_wconf 80' lang='lat' dir='ltr'>nt</span> <span class='ocrx_word' id='word_1_120' title='bbox 841 2672 946 2743; x_wconf 77' lang='lat' dir='ltr'>supra.</span> 
     </span>
    </p>
   </div>
   <div class='ocr_carea' id='block_1_14' title="bbox 159 2795 1374 2966">
    <p class='ocr_par' dir='ltr' id='par_1_14' title="bbox 159 2795 1374 2966">
     <span class='ocr_line' id='line_1_23' title="bbox 206 2795 1374 2895; baseline 0.007 -39"><span class='ocrx_word' id='word_1_121' title='bbox 206 2795 243 2857; x_wconf 90' lang='lat' dir='ltr'>ln</span> <span class='ocrx_word' id='word_1_122' title='bbox 268 2796 384 2895; x_wconf 77' lang='lat' dir='ltr'>diebus</span> <span class='ocrx_word' id='word_1_123' title='bbox 401 2797 471 2858; x_wconf 86' lang='lat' dir='ltr'>illis.</span> <span class='ocrx_word' id='word_1_124' title='bbox 534 2799 632 2861; x_wconf 87' lang='lat' dir='ltr'>Dixit</span> <span class='ocrx_word' id='word_1_125' title='bbox 648 2800 802 2861; x_wconf 91' lang='lat' dir='ltr'>dominus</span> <span class='ocrx_word' id='word_1_126' title='bbox 826 2800 867 2861; x_wconf 93' lang='lat' dir='ltr'>ad</span> <span class='ocrx_word' id='word_1_127' title='bbox 893 2820 1031 2881; x_wconf 79' lang='lat' dir='ltr'>moysen</span> <span class='ocrx_word' id='word_1_128' title='bbox 1047 2811 1081 2862; x_wconf 92' lang='lat' dir='ltr'>et</span> <span class='ocrx_word' id='word_1_129' title='bbox 1097 2820 1198 2862; x_wconf 88' lang='lat' dir='ltr'>aaron</span> <span class='ocrx_word' id='word_1_130' title='bbox 1225 2801 1258 2862; x_wconf 91' lang='lat' dir='ltr'>in</span> <span class='ocrx_word' id='word_1_131' title='bbox 1283 2813 1374 2865; x_wconf 89' lang='lat' dir='ltr'>terra</span> 
     </span>
     <span class='ocr_line' id='line_1_24' title="bbox 159 2895 303 2966; baseline 0.007 -22"><span class='ocrx_word' id='word_1_132' title='bbox 159 2895 303 2966; x_wconf 80' lang='lat' dir='ltr'>aegypti.</span> 
     </span>
    </p>
   </div>
   <div class='ocr_carea' id='block_1_15' title="bbox 203 3021 540 3103">
    <p class='ocr_par' dir='ltr' id='par_1_15' title="bbox 203 3021 540 3103">
     <span class='ocr_line' id='line_1_25' title="bbox 203 3021 540 3103; baseline -0.006 -16"><span class='ocrx_word' id='word_1_133' title='bbox 203 3021 305 3103; x_wconf 87' lang='lat' dir='ltr'>Eripe</span> <span class='ocrx_word' id='word_1_134' title='bbox 322 3044 382 3085; x_wconf 90' lang='lat' dir='ltr'>me.</span> <span class='ocrx_word' id='word_1_135' title='bbox 398 3025 540 3086; x_wconf 86' lang='lat' dir='ltr'>domine.</span> 
     </span>
    </p>
   </div>
   <div class='ocr_carea' id='block_1_16' title="bbox 162 3132 1376 3634">
    <p class='ocr_par' dir='ltr' id='par_1_16' title="bbox 162 3132 1376 3565">
     <span class='ocr_line' id='line_1_26' title="bbox 206 3132 1374 3218; baseline 0.004 -21"><span class='ocrx_word' id='word_1_136' title='bbox 206 3132 349 3197; x_wconf 92' lang='lat' dir='ltr'>Oremus</span> <span class='ocrx_word' id='word_1_137' title='bbox 366 3136 569 3198; x_wconf 87' lang='lat' dir='ltr'>dilectissimi</span> <span class='ocrx_word' id='word_1_138' title='bbox 587 3135 681 3196; x_wconf 91' lang='lat' dir='ltr'>nobis</span> <span class='ocrx_word' id='word_1_139' title='bbox 698 3137 846 3216; x_wconf 87' lang='lat' dir='ltr'>inprimis</span> <span class='ocrx_word' id='word_1_140' title='bbox 870 3158 930 3218; x_wconf 91' lang='lat' dir='ltr'>pro</span> <span class='ocrx_word' id='word_1_141' title='bbox 946 3138 1105 3199; x_wconf 90' lang='lat' dir='ltr'>aecclesia</span> <span class='ocrx_word' id='word_1_142' title='bbox 1120 3147 1237 3199; x_wconf 89' lang='lat' dir='ltr'>sancta</span> <span class='ocrx_word' id='word_1_143' title='bbox 1252 3138 1320 3202; x_wconf 91' lang='lat' dir='ltr'>dei.</span> <span class='ocrx_word' id='word_1_144' title='bbox 1338 3153 1374 3202; x_wconf 93' lang='lat' dir='ltr'>ut</span> 
     </span>
     <span class='ocr_line' id='line_1_27' title="bbox 162 3223 1376 3305; baseline 0.007 -23"><span class='ocrx_word' id='word_1_145' title='bbox 162 3240 235 3282; x_wconf 90' lang='lat' dir='ltr'>eam</span> <span class='ocrx_word' id='word_1_146' title='bbox 253 3223 334 3283; x_wconf 90' lang='lat' dir='ltr'>dens</span> <span class='ocrx_word' id='word_1_147' title='bbox 350 3234 383 3284; x_wconf 90' lang='lat' dir='ltr'>et</span> <span class='ocrx_word' id='word_1_148' title='bbox 399 3225 553 3285; x_wconf 88' lang='lat' dir='ltr'>dominus</span> <span class='ocrx_word' id='word_1_149' title='bbox 570 3236 681 3285; x_wconf 89' lang='lat' dir='ltr'>noster</span> <span class='ocrx_word' id='word_1_150' title='bbox 696 3223 868 3304; x_wconf 85' lang='lat' dir='ltr'>pacificare</span> <span class='ocrx_word' id='word_1_151' title='bbox 884 3234 916 3286; x_wconf 89' lang='lat' dir='ltr'>et</span> <span class='ocrx_word' id='word_1_152' title='bbox 933 3226 1098 3287; x_wconf 90' lang='lat' dir='ltr'>custodire</span> <span class='ocrx_word' id='word_1_153' title='bbox 1114 3227 1280 3305; x_wconf 80' lang='lat' dir='ltr'>dignetur.</span> <span class='ocrx_word' id='word_1_154' title='bbox 1298 3238 1376 3290; x_wconf 87' lang='lat' dir='ltr'>toto</span> 
     </span>
     <span class='ocr_line' id='line_1_28' title="bbox 163 3308 1374 3395; baseline 0.006 -26"><span class='ocrx_word' id='word_1_155' title='bbox 163 3308 241 3370; x_wconf 92' lang='lat' dir='ltr'>orbe</span> <span class='ocrx_word' id='word_1_156' title='bbox 269 3319 428 3371; x_wconf 90' lang='lat' dir='ltr'>terrarum</span> <span class='ocrx_word' id='word_1_157' title='bbox 453 3311 616 3372; x_wconf 87' lang='lat' dir='ltr'>subiciens</span> <span class='ocrx_word' id='word_1_158' title='bbox 642 3311 671 3370; x_wconf 89' lang='lat' dir='ltr'>ei</span> <span class='ocrx_word' id='word_1_159' title='bbox 701 3311 904 3391; x_wconf 86' lang='lat' dir='ltr'>principatus</span> <span class='ocrx_word' id='word_1_160' title='bbox 932 3321 964 3372; x_wconf 91' lang='lat' dir='ltr'>et</span> <span class='ocrx_word' id='word_1_161' title='bbox 990 3312 1224 3393; x_wconf 84' lang='lat' dir='ltr'>potesta[tes.]¹</span> <span class='ocrx_word' id='word_1_162' title='bbox 1243 3314 1374 3395; x_wconf 87' lang='lat' dir='ltr'>detque</span> 
     </span>
     <span class='ocr_line' id='line_1_29' title="bbox 164 3394 1372 3480; baseline 0.007 -25"><span class='ocrx_word' id='word_1_163' title='bbox 164 3394 258 3456; x_wconf 91' lang='lat' dir='ltr'>nobis</span> <span class='ocrx_word' id='word_1_164' title='bbox 282 3397 428 3475; x_wconf 85' lang='lat' dir='ltr'>quietam</span> <span class='ocrx_word' id='word_1_165' title='bbox 446 3407 478 3458; x_wconf 88' lang='lat' dir='ltr'>et</span> <span class='ocrx_word' id='word_1_166' title='bbox 495 3397 706 3478; x_wconf 84' lang='lat' dir='ltr'>tranquillam</span> <span class='ocrx_word' id='word_1_167' title='bbox 732 3398 835 3459; x_wconf 86' lang='lat' dir='ltr'>uitam</span> <span class='ocrx_word' id='word_1_168' title='bbox 857 3399 1055 3480; x_wconf 83' lang='lat' dir='ltr'>degentibus</span> <span class='ocrx_word' id='word_1_169' title='bbox 1068 3398 1253 3479; x_wconf 87' lang='lat' dir='ltr'>glorificare</span> <span class='ocrx_word' id='word_1_170' title='bbox 1267 3402 1372 3463; x_wconf 89' lang='lat' dir='ltr'>deum</span> 
     </span>
     <span class='ocr_line' id='line_1_30' title="bbox 162 3485 581 3565; baseline 0.007 -22"><span class='ocrx_word' id='word_1_171' title='bbox 162 3493 290 3563; x_wconf 88' lang='lat' dir='ltr'>patrem</span> <span class='ocrx_word' id='word_1_172' title='bbox 308 3485 581 3565; x_wconf 90' lang='lat' dir='ltr'>omnipotentem.</span> 
     </span>
    </p>

    <p class='ocr_par' dir='ltr' id='par_1_17' title="bbox 691 3571 833 3634">
     <span class='ocr_line' id='line_1_31' title="bbox 691 3571 833 3634; baseline -0.007 0"><span class='ocrx_word' id='word_1_173' title='bbox 691 3571 833 3634; x_wconf 77' lang='lat' dir='ltr'>Oremus.</span> 
     </span>
    </p>
   </div>
   <div class='ocr_carea' id='block_1_17' title="bbox 163 3668 1376 4012">
    <p class='ocr_par' dir='ltr' id='par_1_18' title="bbox 163 3668 1376 4012">
     <span class='ocr_line' id='line_1_32' title="bbox 208 3668 1376 3754; baseline 0.005 -22"><span class='ocrx_word' id='word_1_174' title='bbox 208 3668 431 3751; x_wconf 85' lang='lat' dir='ltr'>Omnipotens</span> <span class='ocrx_word' id='word_1_175' title='bbox 448 3672 647 3750; x_wconf 88' lang='lat' dir='ltr'>sempiterne</span> <span class='ocrx_word' id='word_1_176' title='bbox 663 3672 745 3732; x_wconf 91' lang='lat' dir='ltr'>deus</span> <span class='ocrx_word' id='word_1_177' title='bbox 761 3672 816 3750; x_wconf 92' lang='lat' dir='ltr'>qui</span> <span class='ocrx_word' id='word_1_178' title='bbox 833 3670 972 3751; x_wconf 84' lang='lat' dir='ltr'>gloriam</span> <span class='ocrx_word' id='word_1_179' title='bbox 990 3681 1081 3732; x_wconf 90' lang='lat' dir='ltr'>tuam</span> <span class='ocrx_word' id='word_1_180' title='bbox 1098 3668 1219 3754; x_wconf 67' lang='lat' dir='ltr'>somni·</span> <span class='ocrx_word' id='word_1_181' title='bbox 1244 3672 1303 3754; x_wconf 89' lang='lat' dir='ltr'>[so.</span> <span class='ocrx_word' id='word_1_182' title='bbox 1320 3677 1376 3738; x_wconf 88' lang='lat'>60.</span> 
     </span>
     <span class='ocr_line' id='line_1_33' title="bbox 163 3757 1375 3838; baseline 0.004 -19"><span class='ocrx_word' id='word_1_183' title='bbox 163 3757 225 3819; x_wconf 93' lang='lat' dir='ltr'>bus</span> <span class='ocrx_word' id='word_1_184' title='bbox 242 3758 272 3818; x_wconf 89' lang='lat' dir='ltr'>in</span> <span class='ocrx_word' id='word_1_185' title='bbox 290 3758 412 3818; x_wconf 89' lang='lat' dir='ltr'>christo</span> <span class='ocrx_word' id='word_1_186' title='bbox 428 3759 582 3836; x_wconf 85' lang='lat' dir='ltr'>gentibus</span> <span class='ocrx_word' id='word_1_187' title='bbox 593 3758 752 3819; x_wconf 88' lang='lat' dir='ltr'>reuelasti.</span> <span class='ocrx_word' id='word_1_188' title='bbox 765 3760 893 3819; x_wconf 90' lang='lat' dir='ltr'>custodi</span> <span class='ocrx_word' id='word_1_189' title='bbox 911 3779 1012 3838; x_wconf 88' lang='lat' dir='ltr'>opera</span> <span class='ocrx_word' id='word_1_190' title='bbox 1025 3759 1270 3821; x_wconf 91' lang='lat' dir='ltr'>misericordiae</span> <span class='ocrx_word' id='word_1_191' title='bbox 1284 3771 1375 3825; x_wconf 85' lang='lat' dir='ltr'>tuae.</span> 
     </span>
     <span class='ocr_line' id='line_1_34' title="bbox 164 3844 1375 3911; baseline 0.005 -6"><span class='ocrx_word' id='word_1_192' title='bbox 164 3856 199 3906; x_wconf 93' lang='lat' dir='ltr'>ut</span> <span class='ocrx_word' id='word_1_193' title='bbox 217 3844 375 3906; x_wconf 90' lang='lat' dir='ltr'>aecclesia</span> <span class='ocrx_word' id='word_1_194' title='bbox 391 3853 448 3905; x_wconf 87' lang='lat' dir='ltr'>tua</span> <span class='ocrx_word' id='word_1_195' title='bbox 465 3854 536 3905; x_wconf 91' lang='lat' dir='ltr'>toto</span> <span class='ocrx_word' id='word_1_196' title='bbox 561 3845 641 3906; x_wconf 90' lang='lat' dir='ltr'>orbe</span> <span class='ocrx_word' id='word_1_197' title='bbox 665 3844 792 3906; x_wconf 79' lang='lat' dir='ltr'>diffusa.</span> <span class='ocrx_word' id='word_1_198' title='bbox 810 3845 918 3906; x_wconf 88' lang='lat' dir='ltr'>stabili</span> <span class='ocrx_word' id='word_1_199' title='bbox 944 3844 1008 3907; x_wconf 90' lang='lat' dir='ltr'>fide</span> <span class='ocrx_word' id='word_1_200' title='bbox 1033 3846 1064 3906; x_wconf 91' lang='lat' dir='ltr'>in</span> <span class='ocrx_word' id='word_1_201' title='bbox 1088 3845 1299 3909; x_wconf 83' lang='lat' dir='ltr'>consessione</span> <span class='ocrx_word' id='word_1_202' title='bbox 1325 3852 1375 3911; x_wconf 87' lang='lat' dir='ltr'>tui</span> 
     </span>
     <span class='ocr_line' id='line_1_35' title="bbox 164 3932 792 4012; baseline 0 -20"><span class='ocrx_word' id='word_1_203' title='bbox 164 3932 306 3992; x_wconf 88' lang='lat' dir='ltr'>nominis</span> <span class='ocrx_word' id='word_1_204' title='bbox 322 3941 517 4012; x_wconf 85' lang='lat' dir='ltr'>perseueret.</span> <span class='ocrx_word' id='word_1_205' title='bbox 564 3932 624 3993; x_wconf 90' lang='lat' dir='ltr'>Per</span> <span class='ocrx_word' id='word_1_206' title='bbox 639 3932 792 3993; x_wconf 88' lang='lat' dir='ltr'>eundem.</span> 
     </span>
    </p>
   </div>
   <div class='ocr_carea' id='block_1_18' title="bbox 165 4041 1377 4366">
    <p class='ocr_par' dir='ltr' id='par_1_19' title="bbox 165 4041 1377 4366">
     <span class='ocr_line' id='line_1_36' title="bbox 209 4041 1376 4123; baseline 0.004 -19"><span class='ocrx_word' id='word_1_207' title='bbox 209 4041 351 4104; x_wconf 88' lang='lat' dir='ltr'>Oremus</span> <span class='ocrx_word' id='word_1_208' title='bbox 367 4052 399 4103; x_wconf 91' lang='lat' dir='ltr'>et</span> <span class='ocrx_word' id='word_1_209' title='bbox 417 4063 476 4123; x_wconf 93' lang='lat' dir='ltr'>pro</span> <span class='ocrx_word' id='word_1_210' title='bbox 491 4041 683 4104; x_wconf 90' lang='lat' dir='ltr'>beatissimo</span> <span class='ocrx_word' id='word_1_211' title='bbox 699 4063 786 4123; x_wconf 90' lang='lat' dir='ltr'>papa</span> <span class='ocrx_word' id='word_1_212' title='bbox 803 4051 916 4104; x_wconf 88' lang='lat' dir='ltr'>nostro</span> <span class='ocrx_word' id='word_1_213' title='bbox 933 4043 976 4104; x_wconf 85' lang='lat' dir='ltr'>ill.</span> <span class='ocrx_word' id='word_1_214' title='bbox 994 4052 1030 4105; x_wconf 89' lang='lat' dir='ltr'>ut</span> <span class='ocrx_word' id='word_1_215' title='bbox 1053 4044 1135 4106; x_wconf 90' lang='lat' dir='ltr'>deus</span> <span class='ocrx_word' id='word_1_216' title='bbox 1160 4053 1193 4105; x_wconf 91' lang='lat' dir='ltr'>et</span> <span class='ocrx_word' id='word_1_217' title='bbox 1212 4046 1376 4109; x_wconf 80' lang='lat' dir='ltr'>dominus</span> 
     </span>
     <span class='ocr_line' id='line_1_37' title="bbox 165 4130 1377 4216; baseline 0.007 -27"><span class='ocrx_word' id='word_1_218' title='bbox 165 4141 275 4190; x_wconf 91' lang='lat' dir='ltr'>noster</span> <span class='ocrx_word' id='word_1_219' title='bbox 305 4130 360 4208; x_wconf 90' lang='lat' dir='ltr'>qui</span> <span class='ocrx_word' id='word_1_220' title='bbox 392 4130 491 4210; x_wconf 89' lang='lat' dir='ltr'>elegit</span> <span class='ocrx_word' id='word_1_221' title='bbox 521 4130 651 4191; x_wconf 90' lang='lat' dir='ltr'>eumin</span> <span class='ocrx_word' id='word_1_222' title='bbox 680 4131 829 4191; x_wconf 88' lang='lat' dir='ltr'>ordinem</span> <span class='ocrx_word' id='word_1_223' title='bbox 860 4131 1079 4211; x_wconf 77' lang='lat' dir='ltr'>episcopatus,</span> <span class='ocrx_word' id='word_1_224' title='bbox 1107 4130 1238 4193; x_wconf 85' lang='lat' dir='ltr'>saluum</span> <span class='ocrx_word' id='word_1_225' title='bbox 1271 4145 1377 4216; x_wconf 87' lang='lat' dir='ltr'>atque</span> 
     </span>
     <span class='ocr_line' id='line_1_38' title="bbox 165 4216 1377 4366; baseline 0.009 -92"><span class='ocrx_word' id='word_1_226' title='bbox 165 4216 362 4362; x_wconf 57' lang='lat' dir='ltr'>{ncolomem</span> <span class='ocrx_word' id='word_1_227' title='bbox 380 4217 545 4366; x_wconf 46' lang='lat' dir='ltr'>custodiat</span> <span class='ocrx_word' id='word_1_228' title='bbox 569 4216 747 4278; x_wconf 88' lang='lat' dir='ltr'>aecclesiae</span> <span class='ocrx_word' id='word_1_229' title='bbox 762 4237 841 4278; x_wconf 88' lang='lat' dir='ltr'>suae</span> <span class='ocrx_word' id='word_1_230' title='bbox 857 4227 990 4280; x_wconf 89' lang='lat' dir='ltr'>sanctae</span> <span class='ocrx_word' id='word_1_231' title='bbox 1006 4217 1048 4279; x_wconf 91' lang='lat' dir='ltr'>ad</span> <span class='ocrx_word' id='word_1_232' title='bbox 1066 4221 1249 4299; x_wconf 88' lang='lat' dir='ltr'>regendum</span> <span class='ocrx_word' id='word_1_233' title='bbox 1267 4241 1377 4304; x_wconf 93' lang='lat' dir='ltr'>popu-</span> 
     </span>
     <span class='ocr_line' id='line_1_39' title="bbox 178 4314 479 4366; baseline 0.01 -4"><span class='ocrx_word' id='word_1_234' title='bbox 178 4314 400 4365; x_wconf 87' lang='lat' dir='ltr'>umsanctum</span> <span class='ocrx_word' id='word_1_235' title='bbox 441 4324 479 4366; x_wconf 84' lang='lat' dir='ltr'>er.</span> 
     </span>
    </p>
   </div>
   <div class='ocr_carea' id='block_1_19' title="bbox 460 4441 1026 4507">
    <p class='ocr_par' dir='ltr' id='par_1_20' title="bbox 460 4441 1026 4507">
     <span class='ocr_line' id='line_1_40' title="bbox 460 4441 1026 4507; baseline 0.004 -14"><span class='ocrx_word' id='word_1_236' title='bbox 460 4441 466 4472; x_wconf 90' lang='lat'>¹</span> <span class='ocrx_word' id='word_1_237' title='bbox 486 4445 596 4507; x_wconf 81' lang='lat' dir='ltr'>Syllable</span> <span class='ocrx_word' id='word_1_238' title='bbox 609 4444 652 4495; x_wconf 86' lang='lat' dir='ltr'>lest</span> <span class='ocrx_word' id='word_1_239' title='bbox 664 4454 707 4493; x_wconf 91' lang='lat' dir='ltr'>out</span> <span class='ocrx_word' id='word_1_240' title='bbox 719 4443 744 4493; x_wconf 90' lang='lat' dir='ltr'>in</span> <span class='ocrx_word' id='word_1_241' title='bbox 759 4445 814 4495; x_wconf 84' lang='lat' dir='ltr'>MS.</span> <span class='ocrx_word' id='word_1_242' title='bbox 829 4454 853 4494; x_wconf 86' lang='lat' dir='ltr'>at</span> <span class='ocrx_word' id='word_1_243' title='bbox 866 4445 915 4494; x_wconf 87' lang='lat' dir='ltr'>end</span> <span class='ocrx_word' id='word_1_244' title='bbox 927 4444 955 4494; x_wconf 84' lang='lat' dir='ltr'>os</span> <span class='ocrx_word' id='word_1_245' title='bbox 970 4445 1026 4495; x_wconf 90' lang='lat' dir='ltr'>line.</span> 
     </span>
    </p>
   </div>
   <div class='ocr_carea' id='block_1_20' title="bbox 0 0 1536 5092">
    <p class='ocr_par' dir='ltr' id='par_1_21' title="bbox 0 0 1536 5092">
     <span class='ocr_line' id='line_1_41' title="bbox 0 0 1536 5092; baseline 0 0"><span class='ocrx_word' id='word_1_246' title='bbox 0 0 1536 5092; x_wconf 95' lang='lat' dir='ltr'> </span> 
     </span>
    </p>
   </div>
  </div>
 </body>
</html>
