3046 5092
518 344 659 396 masaa
681 346 754 397 prro
775 346 1000 399 ossuucrrs.
1316 358 1364 414 ³07

617 480 650 545 A
653 482 681 545 d
689 484 917 565 complendum.

204 591 327 657 Annue
337 592 432 656 nobis
442 592 578 658 domine
587 602 624 658 ut
639 594 751 659 anima
765 594 881 660 famuli
890 596 948 660 tui.
959 595 1004 659 ill.
1017 597 1245 661 remissionem
1257 618 1360 680 quam

161 699 293 761 semper
307 680 437 763 optauit
454 690 619 745 mereatur
633 682 800 765 percipere
815 691 1036 765 peccatorum.
1051 704 1112 767 per
1126 685 1308 750 dominum.

275 899 392 964 MISSA
416 899 607 964 SPECIALIS
631 913 702 963 PRO
726 900 946 965 DEFUNCTIS
969 900 1263 967 SACERDOTIBUS.

206 1018 361 1083 Concede
397 1038 579 1100 quesumus
615 1020 829 1102 omnipotens
865 1021 948 1085 deus
984 1022 1131 1097 animas†
1160 1022 1359 1087 famulorum

160 1107 370 1169 sacerdotum
398 1115 540 1170 tuorum.
558 1106 605 1169 ill.
633 1106 799 1170 felicitatis
823 1117 976 1171 aeternae
1003 1110 1214 1175 consortium.
1239 1110 1360 1193 quibus

160 1191 292 1256 donasti
308 1191 426 1266 sacrisr
440 1192 553 1256 altaris
568 1193 616 1257 tui
632 1194 790 1276 consequi
808 1195 1035 1259 ministerium.
1051 1217 1116 1278 per.

692 1313 827 1378 Secreta.

204 1416 345 1480 Munera
368 1417 503 1480 domine
526 1416 586 1480 tibi
614 1417 724 1480 dicata
750 1415 920 1481 sanctifica
944 1429 977 1482 et
1003 1419 1132 1483 animas
1159 1419 1358 1483 famulorum

156 1504 366 1567 sacerdotum
378 1513 518 1567 tuorum.
535 1502 580 1567 ill.
596 1504 640 1567 ab
650 1504 742 1567 omni
753 1503 827 1567 labe
836 1503 1001 1569 humanae
1012 1506 1212 1570 conditionis
1223 1507 1360 1570 absolue

156 1590 277 1673 quibus
293 1591 395 1653 totius
411 1591 527 1654 mundi
543 1590 694 1654 deleuisti
712 1601 856 1674 peccata.
873 1611 940 1674 per.

605 1709 669 1773 Ad
678 1711 905 1793 complendum.

203 1812 394 1896 Quesumus
404 1814 617 1897 omnipotens
631 1813 720 1877 deus
737 1826 775 1878 ut
789 1815 921 1878 animae
936 1816 1136 1879 famulorum
1146 1816 1356 1881 sacerdotum

155 1910 298 1966 tuorum.
329 1901 375 1963 ill.
413 1900 564 1964 caelestis
600 1902 727 1983 gratiae
764 1902 913 1983 praemia
949 1913 1200 1985 consequantur.
1238 1904 1358 1986 quibus

156 1987 313 2069 spiritalis
328 1988 452 2071 gloriae
468 2008 605 2050 munera
619 1987 797 2052 contulisti.
813 2009 879 2071 per.

440 2199 556 2262 Mrssn
581 2211 651 2261 prro
676 2198 829 2261 Fusium
853 2198 1072 2261 Daruuem.

203 2327 394 2411 Quesumus
410 2327 545 2390 domine
568 2347 629 2409 pro
655 2335 713 2389 tua
739 2325 864 2409 pietate
890 2326 1044 2389 miserere
1066 2326 1198 2390 animae
1214 2326 1358 2391 famulae

158 2424 245 2479 tuae.
267 2415 313 2477 ill.
339 2423 373 2477 et
398 2434 472 2478 eam
500 2434 519 2475 a
545 2413 708 2495 contagiis
744 2412 954 2476 mortalitatis
986 2423 1134 2476 exutam.
1164 2414 1197 2476 in
1225 2425 1359 2491 aeterne

158 2502 353 2566 saluationis
369 2511 497 2584 partem
514 2500 657 2577 restitue.
673 2518 737 2581 per.

690 2618 824 2683 Secreta.

203 2727 384 2809 Propitiare
400 2725 536 2788 domine
558 2722 855 2806 supplicationibus
875 2723 995 2787 nostris
1011 2744 1071 2805 pro
1087 2723 1199 2787 anima
1214 2723 1357 2788 famulae

159 2823 243 2877 tuae
260 2813 304 2876 ill.
321 2831 382 2895 pro
397 2832 464 2893 qua
486 2811 546 2874 tibi
570 2810 739 2873 offerimus
761 2807 958 2873 sacrificium
981 2809 1095 2873 laudis
1120 2820 1157 2873 ut
1172 2831 1247 2874 eam
1262 2830 1358 2873 sanc-

158 2909 268 2963 torum
285 2910 416 2962 tuorum
438 2898 604 2962 consortio
626 2898 751 2960 sociare
773 2894 942 2979 [digneris.
965 2917 1025 2978 per
1039 2896 1146 2959 domi·
1190 2898 1357 2981 [lazare

159 3006 248 3051 num.

608 3088 670 3150 Ad
680 3086 902 3169 conntkndrcrn.

204 3192 299 3255 Haec
323 3211 384 3255 nos
408 3192 600 3255 communio
624 3210 804 3273 quesumus
830 3190 965 3253 domine
991 3199 1110 3272 purget
1128 3209 1148 3253 a
1163 3189 1300 3254 crimine
1323 3201 1357 3254 et

157 3278 289 3343 animae
304 3278 449 3342 famulae
464 3288 551 3342 tuae.
575 3277 619 3341 ill.
644 3277 795 3340 caelestis
819 3276 931 3359 gaudii
957 3276 1081 3340 tribuat
1100 3276 1304 3340 consortium
1320 3287 1357 3342 ut

157 3375 236 3430 ante
258 3366 416 3429 thronum
443 3365 567 3447 gloriae
601 3364 714 3428 christi
738 3364 787 3427 tui
811 3373 986 3446 segregata
1010 3383 1085 3426 cum
1110 3363 1247 3427 dextris.
1273 3364 1354 3427 nihil

157 3472 336 3516 commune
351 3451 473 3515 habeat
488 3471 564 3514 cum
580 3452 727 3515 sinistris.
743 3471 803 3533 per
817 3451 999 3514 dominum.

353 3676 469 3740 Mrssn
493 3691 534 3739 ru
560 3676 633 3738 Dra
656 3676 925 3739 Durosmoms
950 3675 1161 3738 Duruucrr.

200 3804 333 3868 Adesto
348 3805 484 3868 domine
509 3824 688 3888 quesumus
712 3825 772 3887 pro
798 3805 910 3867 anima
936 3802 1050 3867 famuli
1075 3804 1123 3866 tui
1153 3803 1198 3867 ill.
1214 3803 1307 3867 cuius
1323 3802 1355 3865 in

157 3892 375 3974 depositionis
390 3912 470 3955 suae
486 3893 539 3956 die
561 3892 704 3954 officium
727 3891 1053 3954 commemorationis
1068 3891 1302 3972 impendimus.
1319 3897 1356 3952 ut

157 3979 240 4042 uitia
256 3978 438 4042 mundialia
460 3978 709 4061 saecularesque
731 3977 878 4041 maculas
900 3978 930 4040 ei
954 3976 1149 4042 inherentes.
1170 3977 1262 4041 dono
1278 3985 1356 4039 tuae

157 4066 292 4149 pietatis
308 4065 481 4147 indulgeas
495 4074 530 4128 et
545 4074 709 4146 extergas.
725 4085 791 4147 per.

693 4183 829 4248 Secreta.

202 4288 343 4352 Munera
358 4308 539 4371 quesumus
555 4288 691 4351 domine
712 4306 798 4369 quae
819 4287 879 4351 tibi
902 4306 963 4370 pro
978 4288 1091 4352 anima
1107 4285 1221 4350 famuli
1238 4287 1294 4351 tui.
1310 4286 1356 4349 ill.

156 4374 335 4439 offerimus.
355 4374 506 4457 placatus
529 4376 673 4438 intende.
697 4383 734 4437 ut
759 4374 912 4438 remediis
936 4383 1078 4458 purgata
1100 4372 1307 4441 caelestibus.
1322 4374 1354 4437 in

155 4472 216 4527 tua
230 4463 356 4546 pietate
370 4462 562 4543 requiescat.
578 4482 638 4545 per
652 4461 835 4526 dominum.

1159 4562 1185 4611 X
1207 4562 1228 4611 2
