3046 5092
356 333 438 385 FER.
467 334 521 387 ΙΙΙ.
550 335 647 385 POST
666 336 757 388 ΗΘΜ.
784 336 833 388 ΙΝ
852 339 942 388 RAM.
970 339 1081 389 PALM.
1290 341 1321 404 85

658 560 793 625 Secreta.

163 675 319 740 Concede
337 694 516 755 quesumus
539 673 674 736 domine
698 684 734 736 ut
759 673 862 736 oculis
887 684 963 737 tuae
989 676 1170 739 maiestatis
1199 698 1318 740 munus

117 764 266 827 oblatum
284 772 317 824 et
333 763 474 842 gratiam
491 761 586 822 nobis
602 762 789 823 deuotionis
804 763 963 825 obtineat.
980 775 1013 825 et
1029 763 1183 826 eflectum
1202 765 1318 828 beatae

118 849 335 932 perennitatis
350 847 510 930 adquirat.
528 869 586 929 per
601 848 785 910 dominum.

632 998 814 1077 Praefatio.

162 1111 213 1174 ff)
238 1130 297 1191 per
320 1109 478 1171 christum
496 1109 668 1171 dominum
693 1121 851 1171 nostrum.
900 1109 961 1171 Per
983 1131 1082 1191 quem
1100 1113 1194 1173 nobis
1212 1113 1318 1175 indul-

116 1199 231 1280 gentia
248 1197 391 1277 largitur.
408 1209 441 1258 et
457 1217 525 1276 pax
543 1216 601 1277 per
616 1216 716 1257 omne
732 1197 899 1258 saeculum
917 1197 1133 1277 praedicatur.
1161 1199 1318 1262 Traditur

118 1285 246 1346 cunctis
282 1284 492 1345 credentibus
516 1282 713 1364 ldisciplina.
746 1294 782 1344 ut
812 1283 1036 1345 sanctificatos
1068 1306 1127 1347 nos
1159 1285 1214 1366 [so.
1248 1302 1317 1366 57v.

117 1372 224 1454 possit
239 1370 310 1433 dies
326 1380 485 1432 uenturus
500 1370 662 1450 excipere.
710 1369 755 1431 Et
772 1369 846 1431 ideo
863 1390 937 1431 cum
955 1371 1090 1452 augelis.

568 1503 631 1565 Ad
640 1503 863 1584 complendum.

164 1620 225 1681 Per
266 1617 362 1680 huius
400 1616 535 1678 domine
572 1617 801 1697 operationem
841 1616 997 1695 mysterii.
1030 1628 1063 1679 et
1094 1618 1175 1680 uitia
1206 1628 1318 1680 nostra

117 1716 309 1788 purgentur.
346 1716 381 1766 et
425 1705 512 1766 iusta
555 1703 720 1765 desideria
765 1703 1003 1792 compleantur.
1049 1725 1108 1785 per
1146 1705 1318 1767 dominum

119 1804 279 1855 nostrum.

622 1949 740 2011 Furni
767 1950 809 2011 11.

164 2072 219 2135 Da
235 2090 416 2153 quesumus
431 2069 644 2151 omnipotens
659 2070 741 2131 deus
758 2079 794 2131 ut
809 2069 866 2150 qui
883 2070 915 2131 in
933 2079 983 2133 tot
994 2070 1141 2132 aduersis
1153 2092 1196 2132 ex
1208 2081 1321 2134 nostra

118 2158 312 2222 infirmitate
342 2157 522 2219 deficimus
554 2158 778 2219 intercedente
809 2158 969 2238 unigeniti
1000 2157 1057 2218 filii
1088 2160 1135 2219 tui
1167 2160 1321 2238 passione

117 2246 327 2328 respiremus,
343 2265 402 2326 per
417 2244 569 2307 eundem.

654 2379 793 2443 Secreta.

165 2496 260 2558 Haec
276 2492 435 2556 sacrificia
451 2513 512 2555 nos
527 2493 741 2574 omnipotens
756 2493 837 2555 deus
854 2492 981 2574 potenti
998 2493 1120 2555 uirtute
1132 2495 1321 2557 mundatos.

114 2584 161 2647 ad
178 2603 275 2644 suum
292 2581 415 2643 saciant
431 2582 578 2662 puriores
594 2581 706 2641 uenire
722 2581 927 2660 principium.
945 2600 1004 2661 per
1020 2582 1202 2642 dominum.

631 2722 811 2802 Praefatio.

163 2838 214 2900 (D
242 2857 300 2918 pet
323 2835 483 2898 christum
510 2836 684 2897 dominum
709 2844 866 2897 nostrum.
913 2833 1015 2897 Cuius
1039 2855 1099 2897 nos
1129 2836 1319 2898 humanitas

112 2924 255 3005 colligit.
272 2923 441 2985 humilitas
457 2923 560 3003 erigit.
577 2923 712 2984 traditio
728 2922 878 2984 absoluit.
896 2942 1004 3002 poena
1020 2923 1167 2985 redemit.
1225 2924 1318 2985 Crux

112 3010 291 3073 saluificat.
306 3010 441 3090 sanguis
457 3008 629 3070 emaculat.
646 3028 723 3071 caro
739 3010 878 3089 saginat.
925 3009 986 3070 Per
1008 3029 1107 3089 quem
1132 3021 1165 3072 te
1188 3030 1317 3072 summe

113 3109 214 3180 pater
253 3116 329 3158 cum
368 3097 561 3157 ieiuniorum
600 3095 766 3175 obsequiis
814 3095 1033 3157 obsecramus.
1079 3108 1115 3157 ut
1160 3099 1202 3158 ad
1248 3100 1318 3158 eius

111 3182 372 3247 caelebrandam
399 3183 596 3264 passionem.
624 3181 804 3264 purificatis
829 3183 995 3244 mentibus
1020 3185 1225 3244 accedamus.
1260 3205 1319 3264 per

112 3290 228 3352 quem.

574 3396 605 3457 Α
610 3397 636 3457 d
642 3396 823 3477 complenda
827 3417 866 3458 m.

162 3511 347 3573 Praebeant
373 3509 469 3572 nobis
492 3509 628 3572 domine
654 3509 887 3585 diuinumtua
914 3518 1029 3569 sancta
1056 3508 1227 3570 feruorem.
1250 3529 1317 3590 quo

110 3618 232 3663 eorum
249 3599 371 3678 pariter
386 3608 419 3659 et
435 3606 511 3658 actu
524 3595 727 3658 delectemur
741 3604 774 3656 et
790 3593 906 3656 sructu.
922 3615 981 3675 per
997 3596 1179 3659 dominum.

583 3733 611 3796 S
612 3743 689 3813 uper
695 3731 857 3812 populum.

161 3846 298 3909 Adiuua
314 3866 375 3909 nos
390 3847 473 3909 deus
495 3844 647 3909 salutaris
671 3853 791 3906 noster.
819 3855 852 3905 et
876 3843 918 3905 ad
944 3843 1106 3906 beneficia
1133 3846 1315 3909 recolenda.

108 3934 237 4017 quibus
253 3954 314 3997 nos
335 3935 516 3996 instaurare
539 3933 696 4014 dignatus
717 3951 760 3993 es.
784 3932 891 3993 tribue
915 3932 1026 3993 uenire
1048 3934 1240 4013 gaudentes
1258 3956 1316 4015 per

53 4064 58 4070 -
108 4021 291 4085 dominum
309 4030 468 4082 nostrum.

623 4187 742 4250 anm
767 4187 830 4250 Ill.

158 4309 400 4395 [Omnipotens
424 4309 625 4391 sempiterne
639 4308 721 4370 deus
738 4308 781 4370 da
797 4308 892 4371 nobis
909 4308 955 4370 ita
971 4309 1158 4372 dominicae
1182 4309 1237 4391 [lo.
1264 4313 1313 4388 58.

108 4399 279 4484 passionis
324 4406 532 4459 sacramenta
584 4415 748 4477 peragere.
788 4404 824 4458 ut
867 4396 1108 4478 indulgentiam
1146 4400 1315 4478 percipere

107 4504 308 4551 mereamur.
325 4503 384 4566 per
398 4484 573 4546 dominum
596 4492 755 4544 nostrum.
