3046 5092
526 348 789 401 CONSECRATIO
813 348 989 401 UIRGINIS.
1310 360 1359 415 273

545 503 638 566 Dum
654 501 779 579 tondrkl
792 524 864 566 curn
878 503 972 567 dices.

201 607 254 672 Tu
297 627 333 671 es
372 606 508 672 domine
552 607 608 689 qui
654 607 808 671 restitues
846 607 925 670 mihi
971 607 1191 671 hereditatem
1236 627 1355 671 meam.

153 694 249 846 gul:
272 693 440 758 Dominus
470 714 554 777 pars.
613 694 694 757 Ant.
728 694 823 757 Haec
847 702 898 758 est
928 694 1100 776 generatio
1125 694 1355 777 quaerentium

180 801 339 846 ominum.

561 881 676 948 Oratio
684 892 759 967 post
775 883 957 946 tonsionem.

202 997 338 1061 Praesta
352 1017 532 1079 quesumus
547 999 760 1079 omnipotens
775 997 865 1060 deus.
882 1006 919 1059 ut
942 996 1017 1060 huic
1034 995 1159 1060 famulo
1181 1007 1240 1061 tuo
1263 997 1356 1061 cuius

156 1084 256 1148 hodie
279 1085 398 1167 capitis
421 1103 552 1147 comam
579 1103 640 1166 pro
665 1084 779 1147 diuino
802 1103 915 1146 amore
944 1085 1159 1165 deposuimus
1182 1094 1219 1146 ut
1243 1085 1275 1146 in
1299 1094 1358 1148 tua

154 1171 334 1234 dilectione
357 1180 517 1254 perpetua
533 1180 675 1233 maneat.
690 1180 725 1233 et
740 1190 816 1233 eum
832 1172 903 1233 sine
919 1170 1051 1234 macula
1066 1171 1099 1233 in
1116 1171 1354 1253 sempiternum

154 1258 335 1321 custodias.
350 1278 410 1340 per
423 1258 606 1322 dominum.

485 1442 633 1508 Onamo
656 1458 707 1506 ao
731 1443 1038 1508 consumunmt.

203 1575 426 1658 Omnipotens
453 1573 653 1656 sempiterne
680 1573 770 1636 deus.
796 1573 921 1655 respice
951 1573 1114 1655 propitius
1145 1593 1243 1654 super
1268 1573 1356 1635 hunc

157 1663 320 1726 famulum
347 1672 442 1726 tuum
470 1661 515 1724 ill.
540 1680 640 1742 quem
666 1664 708 1723 ad
733 1680 855 1723 nouam
881 1660 1043 1723 tondendi
1071 1661 1212 1741 gratiam
1238 1679 1357 1722 uocare

158 1750 317 1831 dignatus
331 1769 375 1811 es.
392 1748 541 1811 tribuens
556 1748 585 1810 ei
603 1746 829 1809 remissionem
845 1747 994 1810 omnium
1018 1756 1239 1829 peccatorum.
1255 1756 1357 1828 atque

155 1835 352 1901 caelestium
378 1835 541 1898 donorum
570 1843 757 1897 consortem
784 1853 856 1896 esse
881 1832 1159 1915 praeceptorum't
1174 1854 1233 1916 per
1249 1833 1358 1897 domi·

159 1943 251 1988 num.

435 2067 585 2133 Ounno
607 2081 658 2130 ab
681 2079 820 2131 annuas
845 2080 1083 2130 ronounnns.

206 2199 300 2264 Deus
323 2198 417 2262 cuius
436 2197 552 2281 spiritu
577 2207 727 2261 creatura
742 2197 850 2261 omnis
875 2197 990 2260 adulta
1014 2198 1211 2279 congaudet.
1236 2199 1360 2262 exaudi

161 2307 298 2371 praeces
313 2295 443 2349 nostras
458 2305 557 2367 super
572 2284 660 2347 hunc
680 2284 841 2346 famulum
864 2294 968 2346 tuum.
986 2283 1030 2346 ill.
1047 2284 1183 2348 iuuenili
1198 2284 1361 2360 aetatem†

163 2376 282 2438 decore
312 2372 493 2435 laetantem
524 2380 557 2433 et
583 2371 698 2453 primis
723 2371 879 2453 auspiciis
905 2370 1167 2435 adtondendum.
1224 2373 1360 2437 Exaudi

163 2460 298 2525 domine
313 2470 350 2523 ut
366 2460 399 2521 in
414 2457 569 2521 omnibus
582 2458 796 2540 protectionis
817 2466 894 2520 tuae
916 2457 1064 2520 munitus
1085 2458 1220 2521 auxilio
1240 2458 1361 2522 caeles·

163 2558 231 2612 tem
248 2545 514 2610 benedictionem
530 2545 679 2626 accipiat.
696 2554 730 2607 et
746 2543 928 2626 praesentis
940 2545 1030 2606 uitae
1046 2543 1200 2608 subsidiis
1215 2547 1362 2627 gaudeat

160 2645 196 2699 et
211 2644 375 2698 aeternae.
390 2652 450 2714 per
464 2632 646 2694 dominum.

295 2816 530 2878 Bsusmcmo
554 2812 731 2878 Ussrmn
756 2813 936 2877 Umcmus
960 2827 1033 2878 usn
1059 2814 1220 2878 Urouna.

208 2945 302 3008 Deus
331 2943 387 3025 qui
418 2942 654 3005 uestimentum
686 2942 830 3003 salutare
867 2952 899 3004 et
937 2942 1168 3006 indumentum
1208 2955 1362 3007 aeternae

165 3031 378 3095 iocunditatis
398 3029 464 3091 tuis
488 3027 640 3091 fidelibus
665 3029 855 3109 promisisti.
881 3028 1093 3091 clementiam
1119 3039 1212 3093 tuam
1237 3031 1364 3113 suppli·

164 3115 260 3203 citer]
274 3135 462 3179 exoramus.
473 3124 510 3178 ut
525 3114 607 3177 haec
623 3116 818 3177 indumenta
833 3114 1055 3177 humilitatem
1067 3117 1183 3180 cordis.
1200 3115 1256 3198 [lo.
1272 3133 1362 3197 197v.

165 3215 197 3268 et
207 3213 437 3285 contemptum
454 3201 568 3265 mundi
585 3200 813 3280 significantia.
829 3201 949 3283 quibus
965 3201 1090 3265 famula
1105 3212 1171 3266 tua.
1187 3203 1232 3266 ill.
1246 3213 1362 3268 sancto

165 3290 337 3355 uisibiliter
367 3298 418 3352 est
448 3287 657 3351 informanda
687 3289 866 3369 proposito.
905 3289 1067 3371 propitius
1105 3288 1290 3353 benedicas.
1328 3301 1362 3355 et

165 3379 283 3441 beatae
298 3375 461 3440 castitatis
486 3374 638 3438 habitum
653 3394 752 3456 quem
777 3384 810 3437 te
826 3376 1007 3456 inspirante
1034 3377 1215 3458 susceperit
1240 3388 1273 3439 te
1288 3398 1363 3460 pro·

165 3474 299 3548 tegente
315 3462 490 3526 custodiat.
507 3481 573 3544 per.

698 3565 788 3628 Alia.

209 3672 303 3735 Deus
332 3669 494 3732 bonarum
524 3668 684 3730 uirtutum
719 3669 816 3730 dator
845 3678 879 3731 et
913 3669 1062 3731 omnium
1093 3670 1362 3734 benedictionum

166 3757 276 3841 largus
306 3755 438 3818 infusor.
465 3755 589 3817 exaudi
618 3775 752 3837 praeces
778 3765 908 3817 nostras
932 3765 965 3819 et
990 3755 1076 3818 hanc
1103 3767 1230 3820 uestem
1262 3777 1362 3841 quam

167 3844 290 3908 famula
304 3853 371 3906 tua.
390 3842 435 3905 ill.
451 3862 512 3924 pro
527 3843 774 3904 conseruandae
790 3842 953 3905 castitatis
967 3843 1064 3923 signo
1086 3863 1122 3906 se
1145 3843 1364 3927 adoperiend-

165 3951 220 3994 am
236 3931 398 4013 exposcit.
415 3928 609 3991 benedicere
624 3937 658 3989 et
673 3927 877 3991 sanctificare
893 3929 1046 4010 digneris.
1063 3950 1122 4012 per
1136 3931 1319 3994 dominum.

534 4101 799 4167 Consacaamo
816 4100 1002 4166 Umcmus.

210 4233 353 4317 Respice
382 4230 545 4315 propitius
575 4231 711 4294 domine
744 4250 843 4312 super
879 4231 965 4294 hanc
999 4231 1158 4296 famulam
1197 4243 1290 4297 tuam
1328 4245 1366 4299 ut

167 4320 366 4404 uirginitatis
381 4328 516 4382 sanctae
532 4318 750 4400 propositum.
765 4317 855 4398 quod
873 4315 947 4400 [ἵει]
963 4319 1145 4402 inspirante
1163 4322 1317 4404 suscepit
1333 4335 1366 4386 te

167 4409 374 4493 gubernante
389 4402 588 4480 custodias.†
602 4424 662 4487 per
676 4403 860 4467 dominum.

197 4517 207 4550 ¹
223 4517 289 4569 This
298 4516 369 4647 {ord
378 4517 426 4566 has
435 4515 500 4565 been
511 4513 595 4565 added
604 4514 686 4565 above
696 4514 739 4564 the
750 4514 810 4575 line,
823 4514 946 4580 probably
956 4514 991 4579 by
1002 4516 1044 4567 the
1055 4517 1161 4582 original
1172 4519 1249 4570 hand.

206 4597 300 4665 Juu1
325 4596 403 4648 oss.
1213 4597 1238 4649 Τ
