3046 5092
575 328 814 385 BENEDICTIO
842 328 992 379 CAEREI.

353 479 520 545 Dominus
535 481 717 544 uobiscum.

397 567 533 630 Etcum
550 570 667 650 spiritu
684 579 750 633 tuo.

353 652 490 717 Sursum
508 656 617 719 corda.

396 740 570 803 Habemus
586 743 628 804 ad
645 743 827 805 dominum.

350 825 482 890 Gratias
497 848 637 909 agamus
652 830 789 892 domino
805 830 869 892 deo
885 840 1006 893 nostro.

395 913 544 997 Dignum
560 926 594 979 et
610 916 732 979 iustum
748 927 806 980 est

688 1131 870 1213 Praefatio.

220 1268 310 1332 Uere
354 1270 432 1351 quia
476 1270 615 1353 dignum
660 1280 693 1333 et
739 1271 862 1333 iustum
907 1278 966 1333 est.
1033 1270 1236 1333 lnuisibilem
1281 1272 1382 1334 deum

174 1356 450 1438 omnipotentem.
482 1369 620 1439 patrem.
652 1356 823 1438 filiumque
860 1357 930 1419 eius
960 1357 1176 1438 unigenitum.
1207 1358 1381 1420 dominum

174 1451 326 1504 nostrum
358 1444 462 1506 iesum
493 1443 661 1507 christum.
689 1464 764 1506 eum
795 1452 911 1506 sancto
941 1444 1066 1525 spiritu.
1101 1454 1173 1506 toto
1210 1444 1317 1506 cordis
1342 1464 1380 1507 ac

176 1530 298 1591 mentis
324 1529 455 1593 affectu.
482 1541 515 1594 et
542 1533 633 1594 uocis
658 1532 840 1593 ministerio
871 1550 1054 1611 personare.
1100 1530 1166 1612 Qui
1198 1551 1259 1611 pro
1285 1531 1381 1593 nobis

174 1625 312 1678 aeterno
328 1619 413 1698 patri
430 1619 515 1680 adae
539 1619 688 1681 debitum
715 1618 823 1680 soluit.
847 1628 881 1679 et
904 1618 1024 1680 ueteris
1049 1616 1168 1698 piaculi
1190 1619 1378 1680 cautionem

174 1703 231 1784 pio
246 1723 363 1766 cruore
378 1705 522 1767 detersit.
570 1705 665 1767 Haec
689 1714 766 1767 sunt
791 1706 878 1766 enim
905 1703 988 1766 festa
1013 1704 1218 1786 paschalium
1243 1705 1381 1784 gaudio-

174 1809 256 1851 rum.
283 1791 315 1851 in
347 1791 467 1871 quibus
497 1813 595 1854 uerus
625 1792 679 1853 ille
709 1811 815 1872 agnus
853 1791 1019 1854 occiditur.
1052 1793 1187 1871 eiusque
1217 1791 1380 1871 sanguine

173 1886 289 1957 postes
324 1888 566 1941 consecrantur.
615 1878 709 1940 Haec
748 1897 818 1940 nox
855 1887 913 1940 cst
946 1879 1067 1959 inqua
1091 1879 1233 1958 primurn
1265 1887 1378 1959 patres

173 1973 305 2025 nostros
326 1962 425 2035 lfilios
448 1966 568 2027 israhel
589 1965 727 2027 eductos
750 1965 792 2026 de
815 1974 969 2045 aegypto.
986 1965 1119 2026 rubrum
1145 1984 1234 2026 mare
1256 1963 1312 2046 [to.
1328 1970 1377 2027 02.

172 2048 262 2111 sicco
300 2052 449 2132 uestigio
480 2052 618 2114 transire
655 2051 770 2115 fecisti.
828 2051 923 2113 Haec
960 2052 1060 2132 igitur
1096 2072 1166 2113 nox
1196 2061 1255 2113 est
1293 2071 1378 2132 quae

172 2145 386 2217 peccatorum
408 2139 560 2201 tenebras
576 2139 776 2220 columpnae
799 2138 1051 2201 inluminatione
1074 2139 1235 2219 purgauit.
1284 2138 1379 2203 Haec

174 2242 244 2284 nox
283 2233 342 2286 est.
383 2244 468 2305 quae
506 2225 606 2288 hodie
644 2246 702 2308 per
739 2225 929 2286 uniuersum
961 2225 1122 2287 mundum
1155 2226 1187 2286 in
1218 2224 1376 2287 christum

172 2310 346 2371 credentes
377 2311 508 2374 auitiis
538 2312 659 2374 saeculi
690 2321 889 2393 segregatos.
921 2320 954 2373 et
983 2311 1124 2393 caligine
1165 2323 1377 2393 peccatorum

171 2396 283 2458 reddit
298 2398 432 2477 gratiae.
449 2399 553 2460 sociat
569 2399 745 2461 sanctitati.
793 2398 888 2460 Haec
905 2418 973 2460 nox
991 2408 1050 2461 est.
1067 2400 1098 2459 in
1120 2418 1186 2479 qua
1201 2399 1378 2461 destructis

170 2482 313 2544 uinculis
342 2485 463 2547 mortis.
498 2486 639 2548 christus
658 2485 701 2547 ab
728 2484 839 2547 inferis
864 2485 969 2547 uictor
995 2486 1151 2547 ascendit.
1176 2485 1267 2547 Nihil
1287 2487 1375 2547 enim

171 2568 269 2631 nobis
281 2572 370 2631 nasci
387 2571 518 2652 profuit.
536 2573 597 2634 nisi
614 2573 729 2634 redimi
746 2572 929 2653 profuisset.
975 2571 1005 2636 O
1024 2573 1105 2633 mira
1121 2573 1206 2633 circa
1223 2592 1283 2634 nos
1300 2584 1377 2634 tuac

170 2656 307 2736 pietatis
330 2658 488 2738 dignatio.
535 2657 566 2722 Ο
593 2659 822 2721 inestimabilis
846 2658 980 2720 dilectio
1007 2657 1168 2720 karitatis.
1184 2667 1220 2720 ut
1243 2679 1375 2721 seruum

171 2743 351 2805 redimeres
367 2743 470 2807 filium
487 2746 659 2809 tradidisti.
706 2744 737 2809 Ο
754 2756 842 2808 certe
859 2745 1078 2806 necessarium
1092 2745 1175 2807 adae
1191 2757 1374 2826 peccatum.

170 2830 262 2909 quod
288 2829 399 2892 christi
424 2841 530 2894 morte
556 2832 704 2895 deletum
729 2841 786 2894 est.
844 2830 875 2895 Ο
899 2831 980 2893 felix
996 2831 1101 2912 culpa.
1119 2852 1204 2911 quae
1220 2833 1320 2894 talem
1337 2852 1376 2893 ac

171 2924 304 2978 tantum
327 2919 447 2980 meruit
471 2919 592 2981 habere
619 2921 871 3001 redemptorem.
918 2916 949 2981 Ο
978 2919 1076 2980 beata
1100 2939 1179 2980 nox.
1203 2938 1288 2999 quae
1304 2918 1375 2981 sola

172 3003 293 3064 meruit
316 3005 398 3065 scire
414 3014 548 3087 tempus
564 3015 597 3068 et
621 3006 745 3068 horam.
762 3007 794 3067 in
822 3025 887 3086 qua
904 3005 1045 3067 christus
1068 3005 1111 3067 ab
1135 3005 1244 3067 inferis
1272 3026 1376 3067 resur-

171 3089 266 3151 rexit.
326 3089 420 3153 Haec
448 3112 517 3153 nox
543 3103 600 3155 est.
624 3093 666 3154 de
685 3113 751 3173 qua
771 3093 929 3172 scriptum
957 3102 1015 3153 est.
1062 3093 1107 3154 Et
1138 3112 1207 3153 nox
1238 3101 1274 3154 ut
1304 3093 1375 3154 dies

170 3174 428 3239 inluminabitur.
445 3188 479 3240 et
500 3199 569 3241 nox
593 3179 802 3242 inluminatio
826 3199 900 3240 mea
923 3179 956 3240 in
979 3177 1105 3241 deliciis
1129 3179 1217 3240 meis,
1265 3178 1375 3240 Huius

169 3261 269 3341 igitur
294 3262 513 3327 sanctificatio
537 3268 652 3329 noctis.
674 3266 767 3347 fugat
790 3265 920 3327 scelera.
944 3265 1058 3346 culpas
1085 3266 1183 3327 lauat.
1207 3275 1240 3327 et
1266 3266 1375 3328 reddit

169 3347 392 3412 innocentiam
411 3349 511 3433 lapsis
526 3363 560 3414 et
577 3354 690 3415 mestis
713 3353 880 3414 laetitiam.
928 3352 1036 3433 Fugat
1060 3353 1145 3413 odia.
1162 3353 1372 3414 concordiam

169 3445 272 3515 parat.
289 3444 323 3498 et
339 3448 454 3500 curuat
477 3439 623 3520 imperia.
672 3439 709 3501 ln
737 3439 833 3500 huius
860 3439 960 3520 igitur
983 3439 1090 3500 noctis
1114 3439 1228 3518 gratia.
1245 3440 1374 3519 suscipe

168 3533 303 3584 sanctae
327 3534 428 3605 pater.
452 3525 576 3588 incensi
599 3527 696 3588 huius
720 3525 916 3587 sacrificium
943 3528 1175 3606 uespertinum.
1199 3527 1288 3607 quod
1314 3526 1374 3588 tibi

168 3607 200 3669 in
231 3609 294 3673 hac
318 3611 424 3673 caerei
447 3611 616 3675 oblatione
639 3613 823 3694 sollempni.
848 3632 906 3694 per
937 3613 1160 3674 ministrorum
1189 3633 1308 3674 manus
1332 3612 1374 3675 de

168 3696 324 3775 operibus
339 3717 440 3778 apum
456 3708 667 3761 sacrosancta
683 3700 791 3762 reddit
801 3699 965 3760 aecclesia.
1013 3698 1080 3762 Sed
1097 3699 1162 3760 iam
1175 3699 1373 3781 columpnae

167 3779 266 3843 huius
293 3784 470 3864 praeconia
498 3787 658 3848 nouimus.
675 3806 776 3868 quam
802 3787 835 3846 in
860 3785 1019 3848 honorem
1043 3786 1097 3848 dci
1125 3784 1263 3846 rutilans
1287 3787 1372 3866 ignis

166 3869 328 3931 accendit.
373 3868 439 3951 Qui
456 3870 533 3934 licet
549 3873 675 3936 diuisus
703 3874 735 3934 in
760 3869 893 3955 spartes.
911 3873 1051 3934 mutuati
1079 3871 1212 3933 luminis
1229 3871 1282 3952 [fo.
1300 3875 1372 3934 62v.

164 3954 368 4017 detrimenta
379 3976 444 4018 non
458 3959 560 4021 nouit.
591 3959 703 4021 Alirur
719 3955 938 4041 liquantibust
953 3960 1063 4020 caeris.
1076 3978 1158 4039 quas
1175 3960 1207 4019 in
1221 3958 1373 4020 substan-

165 4042 249 4103 tiam
288 4040 460 4123 praetiosi†
495 4044 592 4107 huius
630 4046 793 4127 lampadis
832 4065 911 4126 apes
949 4055 1054 4107 mater
1091 4045 1217 4107 eduxit.
1277 4045 1372 4125 Apes

163 4127 305 4190 caeteris
321 4148 407 4209 quae
422 4130 571 4195 subiecta
598 4143 675 4194 sunt
699 4132 825 4195 homini
850 4132 1074 4194 animantibus
1102 4130 1277 4193 antecellit.
1295 4152 1371 4193 curn

160 4214 207 4277 sit
237 4214 376 4276 minima
399 4219 544 4298 corporis
573 4220 743 4300 paruitate.
760 4220 911 4300 ingentes
936 4219 1064 4280 animos
1089 4215 1247 4299 angusta†
1262 4231 1373 4282 uersat

159 4301 196 4363 in
231 4310 373 4381 pectore.
407 4302 542 4368 Uiribus
572 4305 741 4368 inbecillis.
779 4305 838 4367 sed
875 4304 968 4366 fortis
1006 4305 1146 4385 ingenio.
1187 4304 1281 4367 Haec
1312 4325 1372 4367 ex-

157 4386 296 4471 plorata
312 4399 501 4469 temporum
514 4393 586 4460 uice
601 4412 677 4457 cum
693 4392 849 4455 canitiem
867 4391 1023 4472 pruinosa
1038 4391 1176 4454 hiberna
1192 4393 1371 4473 posuerint.

155 4485 194 4538 et
210 4473 350 4557 glaciari
372 4477 465 4540 senio
481 4480 572 4540 uerni
594 4480 753 4561 temporis
769 4478 940 4541 moderata
955 4478 1159 4542 deterserint.
1175 4479 1288 4541 statim
1313 4501 1373 4562 pro
