3046 5092
161 308 214 361 ωδ
460 306 519 359 711.
546 306 599 357 11).
625 304 730 357 sm
762 304 835 359 Ure.
861 304 891 357 S.
916 304 1079 357 unitura

209 574 349 639 Hostias
363 572 499 637 domine
516 580 595 637 tuae
616 470 889 655 plebgemde
904 578 940 637 et
961 590 1046 655 quas
1068 570 1103 635 in
1124 568 1256 637 bonore
1277 590 1369 637 sanc·

161 672 272 727 torum
288 669 420 725 tuorum
440 658 565 723 deuota
587 668 700 723 mente
721 657 896 723 caelebrat
912 656 1072 741 proficere
1092 658 1159 723 sibi
1181 658 1307 725 sentiat
1326 660 1367 725 ad

160 748 313 813 salutem.
329 767 389 830 per
404 746 588 811 dominum.

619 880 683 947 Ad
691 880 918 965 complendum.

207 996 339 1080 Repleti
354 994 491 1060 domine
507 994 699 1058 muneribus
713 993 822 1057 sacris
837 972 1019 1075 quesumus
1033 1002 1072 1057 ut
1087 993 1368 1061 intercedentibus

158 1086 285 1149 sanctis
300 1084 366 1149 tuis
381 1084 414 1146 in
430 1082 611 1165 gratiarum
635 1090 766 1145 tuarum
781 1099 914 1163 semper
935 1080 1066 1144 actione
1089 1099 1297 1147 maneamus.
1310 1102 1367 1167 per

158 1172 336 1237 dominum
352 1179 511 1234 nostrum.

287 1385 379 1449 Kar„
402 1366 508 1448 S'nr’r.
533 1381 690 1447 Narras
713 1378 856 1446 Snucrr
880 1382 1005 1447 Pa1sc1
1029 1382 1240 1449 Manrvnrs

205 1494 429 1578 Omnipotens
444 1494 647 1577 sempiterne
669 1494 759 1558 deus
776 1492 937 1558 fortitudo
958 1497 1160 1559 certantium
1183 1505 1220 1560 et
1243 1506 1362 1579 marty·

159 1602 234 1647 rum
265 1581 386 1667 palma
416 1579 698 1664 sollempnitatem
736 1580 897 1659 hodierne
933 1581 1000 1645 diei
1037 1583 1202 1666 propitius
1240 1584 1364 1649 intuere

157 1668 210 1755 set
224 1669 397 1734 ecclesiam
420 1677 513 1732 tuam
536 1668 695 1731 continua
716 1667 769 1731 sac
791 1666 1003 1732 caelebritate
1025 1667 1149 1733 laetari.
1164 1678 1200 1734 et
1224 1668 1281 1755 [fo
1300 1686 1363 1753 149

161 1757 395 1821 intercessione
411 1754 500 1819 beati
517 1754 672 1837 martyris
695 1754 793 1836 prisci
808 1756 958 1819 omnium
970 1757 1003 1818 in
1020 1764 1054 1819 te
1068 1756 1278 1823 credentium
1288 1766 1363 1823 uota

156 1842 318 1927 perficias.
334 1862 399 1926 per.

694 1960 831 2026 Secreta.

204 2072 327 2149 Euius†
341 2076 400 2140 tibi
415 2073 588 2160 praecibus
603 2075 739 2139 domine
760 2093 942 2158 quesumus
956 2085 1052 2158 grata
1066 2076 1229 2142 reddatur
1242 2076 1359 2142 oblatio

158 2184 221 2248 pro
236 2165 328 2228 euius
344 2172 395 2227 est
410 2162 593 2226 sestiuitate
610 2161 822 2225 immolanda
838 2180 907 2245 per.

672 2299 853 2380 Praefatio.

203 2414 253 2479 ff)
270 2423 403 2477 aeterne
417 2413 511 2476 deus.
555 2410 623 2494 Qui
646 2411 694 2474 sic
718 2410 835 2475 tribuis
858 2411 1031 2476 ecclesiam
1055 2420 1149 2477 tuam
1173 2424 1349 2479 sanctorum

155 2500 476 2564 commemoratione
491 2498 656 2581 proficere.
673 2508 710 2561 ut
725 2518 799 2561 eam
816 2518 948 2581 semper
971 2499 1111 2562 illorum.
1129 2510 1162 2563 et
1183 2501 1348 2565 lestiuitate

159 2586 323 2650 laetifices
341 2597 374 2649 et
398 2586 555 2668 exemplo
577 2587 652 2668 piae
668 2587 928 2647 conuersationis
944 2607 1110 2649 exerceas,
1127 2598 1286 2671 grataque
1300 2586 1345 2650 tibi

156 2675 399 2756 supplicatione
415 2674 544 2735 tuearis,
561 2693 620 2754 per
634 2672 792 2734 christum
810 2673 982 2735 dominum
1001 2683 1160 2736 nostrum.

605 2817 667 2879 Ad
684 2816 909 2898 corrmlendum.

201 2931 336 2993 Praesta
366 2949 546 3011 quesumus
575 2929 710 2991 domine
740 2939 777 2991 ut
804 2931 1000 2992 sacramenti
1033 2931 1079 2992 tui
1105 2930 1337 3013 participatione

155 3019 311 3099 uegetati.
328 3018 433 3078 sancti
449 3036 581 3097 quoque
603 3017 757 3098 martyris
781 3017 829 3079 tui
850 3018 947 3097 prisci
964 3018 1138 3099 praecibus
1156 3020 1334 3082 adiuuemus.

157 3126 216 3187 per
230 3105 403 3167 dominum
420 3113 578 3165 nostrum.

336 3336 397 3384 vn.
425 3322 514 3386 Inus
540 3322 643 3386 Sana.
669 3321 823 3386 Urcnnn
848 3322 1023 3385 Saserna
1050 3323 1212 3386 Maurae.

200 3436 331 3499 Adesto
347 3435 442 3496 nobis
458 3436 669 3516 omnipotens
690 3435 779 3496 deus
799 3436 917 3497 beatae
942 3435 1064 3498 mariae
1081 3435 1167 3498 festa
1183 3423 1328 3516 repetenti·

155 3523 226 3585 bns
257 3543 357 3604 quam
389 3522 568 3584 hodiernae
607 3521 796 3584 festiuitatis
836 3523 1001 3602 prolatam
1040 3533 1162 3585 exortu
1200 3507 1326 3585 ineflabili

157 3630 292 3671 munere
308 3609 496 3671 subleuasti.
515 3630 573 3689 per
588 3609 769 3670 dominum.

690 3745 827 3808 Secreta.

202 3858 327 3939 Accipe
343 3878 480 3920 munera
495 3858 630 3920 domine
645 3878 731 3939 quae
747 3859 779 3920 in
796 3856 914 3920 beatae
930 3859 1053 3921 mariae
1066 3859 1184 3922 iterata
1199 3854 1321 3924 sollemlr

156 3948 260 4008 nitate
275 3945 464 4007 deserimus,
481 3946 558 4025 quia
574 3945 616 4007 ad
634 3958 690 4008 tua
706 3946 883 4027 praeconia
899 3947 1034 4009 recurrit
1049 3958 1083 4008 et
1107 3946 1236 4010 laudem
1255 3928 1320 4020 quod

157 4033 208 4095 uel
226 4033 300 4095 talis
317 4042 388 4094 orta
405 4043 454 4094 est
472 4031 523 4093 uel
541 4031 615 4094 talis
632 4043 811 4114 assumpta.
829 4053 888 4115 per
902 4033 1086 4096 dominum.

602 4170 665 4232 Ad
681 4170 906 4253 corignlendum.

200 4281 331 4344 Adesto
346 4281 481 4345 domine
497 4282 623 4365 populo
638 4292 706 4345 tuo.
723 4293 760 4345 ut
775 4303 861 4364 quae
877 4283 1020 4365 sumpsit
1037 4281 1179 4347 fideliter
1192 4292 1224 4344 et
1239 4278 1321 4343 mente

154 4368 217 4431 sibi
254 4379 287 4432 et
324 4388 461 4451 corpore
500 4369 617 4432 beatae
650 4371 774 4433 mariae
808 4370 1043 4434 intercessione
1077 4371 1248 4435 custodiat
1281 4370 1323 4443 pel

151 4454 328 4518 dominum
344 4466 502 4519 nostrum.
