3046 5092
162 290 209 341 180
262 292 344 341 XIII.
375 290 459 340 KAL.
490 289 564 341 IUL.
596 289 683 340 NAT.
714 290 764 339 SS.
795 288 981 341 GERUASII
1003 288 1061 339 ET
1083 288 1269 339 PROTASII.

691 459 829 525 Secreta.

204 559 344 623 Munera
359 558 419 623 tibi
435 559 570 622 domine
585 559 695 623 dicata
710 558 888 623 sanctifica.
899 568 932 623 et
943 559 1169 623 intercedente
1179 560 1281 622 beato
1292 558 1360 621 uito

161 656 305 727 martyre
335 656 394 709 tuo
424 666 483 728 per
511 647 629 709 eadem
661 666 722 708 nos
752 647 903 727 placatus
929 647 1073 709 intende.
1101 667 1161 729 per
1187 646 1359 709 dominum

161 744 319 796 nostrum.

660 852 839 932 Praefatio.

204 957 254 1020 (ἓ)
278 965 411 1019 aeterne
426 956 517 1018 deus.
552 956 647 1019 Beati
662 956 723 1018 uiti
747 956 907 1036 martyrio
922 955 1111 1037 gloriantes.
1126 957 1180 1019 cui
1197 955 1361 1018 admiran-

160 1043 238 1106 dam
265 1043 406 1124 gratiam
435 1043 467 1105 in
494 1051 609 1105 tenero
634 1043 743 1104 adhuc
767 1062 912 1125 corpore.
937 1053 971 1105 et
995 1043 1139 1105 necdum
1169 1042 1256 1105 uirili
1273 1063 1360 1106 more

161 1140 299 1192 maturo.
316 1129 473 1192 uirtutem
490 1128 575 1191 fidei.
598 1138 632 1192 et
655 1129 837 1210 patientiae
859 1127 1087 1192 fortitudinem
1112 1129 1267 1192 tribuisti.
1313 1130 1357 1194 Ut

159 1217 318 1279 saeuitiae
341 1216 559 1297 persecutoris
585 1235 650 1278 non
678 1217 810 1278 cederet
834 1217 1022 1279 constantia
1047 1216 1191 1298 puerilis.
1216 1226 1251 1279 et
1278 1218 1357 1280 inter

159 1303 278 1366 acerba
293 1302 455 1385 supplicia
478 1322 538 1365 nec
561 1322 658 1365 sensu
687 1303 797 1384 potuit
821 1303 942 1365 terreri.
971 1302 1042 1365 Nec
1063 1302 1171 1385 frangi
1188 1313 1308 1367 aetate.
1323 1317 1356 1367 ut

158 1390 330 1472 gloriosior
346 1388 438 1452 fieret
454 1400 487 1451 et
503 1409 625 1452 corona
641 1390 798 1471 martyrii.
814 1399 849 1452 et
863 1390 947 1453 ideo.

612 1509 674 1573 Ad
683 1510 909 1592 corrmlendum.

202 1612 345 1687 [Refecti
362 1614 496 1676 domine
512 1613 743 1676 benedictione
759 1613 944 1696 sollempni.
961 1634 1143 1695 quesumus
1192 1614 1251 1697 [lo
1272 1616 1353 1677 128v.

158 1710 195 1763 ut
211 1721 269 1782 per
285 1702 554 1763 intercessionem
570 1702 676 1763 sancti
694 1701 753 1763 uiti
771 1701 936 1763 medicina
951 1702 1149 1765 sacramenti
1166 1711 1200 1764 et
1216 1703 1352 1784 corpori·

157 1787 219 1850 bus
236 1789 355 1850 nostris
371 1789 475 1868 prosit
491 1797 524 1850 et
541 1787 715 1850 mentibus.
732 1807 791 1869 per
806 1788 978 1850 dominum
996 1799 1156 1850 nostrum.

273 2003 366 2051 xrnr.
392 1988 484 2052 KAL.
510 1989 586 2052 lue.
612 1989 769 2052 Numen
793 1989 1031 2055 Snncronulr
1057 1990 1185 2054 Mancr
1211 2005 1259 2054 rer

619 2077 897 2141 Mnncsseumnt

200 2187 335 2250 Praesta
350 2207 531 2268 quesumus
554 2189 766 2269 omnipotens
788 2189 879 2252 deus
896 2200 934 2252 ut
957 2190 1014 2271 qui
1039 2200 1232 2253 sanctorum
1257 2189 1345 2253 marci

156 2281 190 2336 et
220 2273 422 2336 marcelliani
445 2274 599 2337 natalicia
622 2274 770 2339 colimus.
793 2296 814 2338 a
836 2276 963 2339 cunctis
988 2276 1082 2338 malis
1106 2278 1345 2341 imminentibus

156 2379 270 2423 eorum
286 2360 522 2424 intercessione
538 2361 721 2425 liberemur.
737 2382 803 2444 per.

688 2482 824 2544 Secreta.

199 2584 340 2645 Munera
356 2585 415 2645 tibi
432 2585 567 2646 domine
583 2586 694 2647 dicata
715 2584 891 2647 sanctifica.
910 2595 942 2646 et
960 2585 1241 2650 intercedentibus
1257 2589 1338 2648 beato

156 2691 265 2732 marco
297 2683 329 2733 et
361 2671 581 2733 marcelliano.
614 2693 671 2752 per
702 2674 817 2734 eadem
850 2693 910 2733 nos
941 2672 1092 2752 placatus
1125 2675 1264 2737 intende.
1293 2691 1337 2754 per

154 2759 326 2820 dominum
346 2769 505 2819 nostrum.

607 2879 669 2940 Ad
679 2878 904 2960 corrrplendum.

199 2982 359 3045 Salutaris
387 2984 434 3045 tui
460 2984 594 3046 dominc
621 3003 756 3045 munere
783 2984 893 3045 satiati
920 2983 1086 3064 supplices
1114 3005 1286 3047 exoramus
1306 2992 1332 3042 ut

153 3090 295 3150 quorum
312 3071 473 3132 laetemur
488 3080 587 3151 gustu
605 3091 802 3132 renouemur
818 3070 946 3132 ellectu.
964 3091 1029 3150 per.

242 3287 319 3334 xm.
346 3273 434 3333 Km„
462 3273 537 3334 lue.
564 3272 720 3333 Nnrnnr,
752 3272 988 3336 ercrouun
1014 3272 1197 3337 Grurunsn
1224 3288 1263 3337 rr

664 3360 847 3421 Prrornsn.

199 3463 289 3523 Deus
315 3464 447 3541 quinos
475 3482 586 3522 annua
617 3474 806 3523 sanctorum
839 3473 968 3523 tuorum
1001 3465 1143 3542 geruasii
1170 3451 1327 3545 etprotasii

153 3549 399 3629 sollempnitate
417 3548 582 3609 laetificas.
599 3550 744 3610 concede
772 3550 942 3628 propitius.
959 3560 994 3611 ut
1011 3570 1153 3629 quorum
1171 3552 1327 3632 gaudemus

155 3637 278 3697 meritis
295 3637 517 3697 accendamur
532 3636 704 3716 exemplis.
722 3657 787 3716 per.

729 3753 867 3813 Secreta.

198 3855 330 3917 Oblatis
361 3875 541 3935 quesumus
579 3854 714 3916 domine
752 3855 882 3935 placare
921 3857 1121 3918 muneribus
1155 3869 1188 3920 ct
1218 3859 1326 3918 interce·

153 3942 351 4024 clen[tibus¹]
381 3943 505 4003 sanetis
537 3943 609 4003 tuis
642 3963 661 4003 a
693 3944 819 4004 eunctis
852 3963 911 4004 nos
942 3943 1084 4006 defende
1110 3945 1266 4025 periculis.
1286 3948 1327 4018 pel

153 4031 335 4093 dominnm.

674 4149 855 4229 Prarfiztr'o.

198 4257 246 4319 ff)
286 4275 344 4336 per
373 4253 531 4315 christum
563 4254 735 4315 dominum
769 4265 927 4315 nostrum.
995 4255 1057 4315 Pro
1088 4256 1182 4318 cuius
1212 4246 1329 4317 nominis

153 4343 358 4405 consessione
390 4341 477 4403 beati
510 4353 671 4422 martyres
709 4341 878 4422 geruasius
917 4353 949 4403 et
988 4344 1155 4422 protasius
1194 4342 1283 4424 passi.
1307 4336 1330 4397 ln

443 4455 454 4489 ¹
471 4459 593 4524 Syllables
604 4461 709 4510 omitted
721 4460 746 4508 in
760 4461 815 4510 MS.
830 4474 855 4509 at
867 4461 917 4509 end
929 4459 958 4509 ol
965 4460 1023 4509 line.
