3046 5092
377 337 470 389 Dour.
496 336 520 388 I.
543 336 641 387 POST
662 337 738 388 OCT
765 338 946 391 PASCHAE.

618 558 650 620 A
667 558 709 620 i.

107 663 201 726 Deus
237 662 294 745 qui
333 681 393 744 pro
430 661 538 724 salute
576 557 701 723 mundi
728 659 924 724 sacrificium
962 662 1117 745 paschale
1150 664 1264 730 fecisti.

61 751 243 833 propitiare
273 748 571 832 supplicationibus
609 748 737 810 nostris.
762 756 799 810 ut
832 749 1043 831 interpellans
1070 772 1130 832 pro
1168 754 1263 817 nobis

61 838 217 925 pontifex
233 856 391 899 summus.
408 855 469 897 nos
491 855 550 917 per
573 834 606 897 id
622 835 712 917 quod
736 835 839 897 nostri
855 846 905 899 est
928 836 1043 899 similis
1067 839 1263 904 reconciliet.

61 945 122 1007 per
138 925 170 987 id
187 923 278 1006 quod
295 923 354 985 tibi
377 931 429 984 est
451 920 598 1003 aequalis
619 921 780 985 absoluat.
805 922 891 984 iesus
913 922 1054 987 christus
1076 924 1162 988 filius
1185 936 1262 990 tuus

61 1012 219 1073 dominus
235 1020 354 1072 noster.
372 1009 428 1091 qui
444 1018 562 1072 tecum.
659 1010 662 1015 ’

615 1145 706 1209 Alia.

105 1262 199 1324 Deus
213 1259 351 1323 humani
374 1259 503 1341 generis
526 1260 680 1322 conditor
694 1268 728 1321 et
751 1257 947 1341 redemptor.
964 1260 1008 1323 da
1030 1281 1209 1342 quesumus
1226 1273 1262 1327 ut

59 1348 276 1430 reparationis
321 1357 453 1410 nostrae
496 1345 618 1409 collata
652 1344 800 1409 subsidia
850 1356 884 1409 te
917 1348 1036 1429 iugiter
1080 1350 1260 1431 inspirante

58 1446 232 1499 sectemur.
249 1454 315 1516 per.

612 1545 702 1608 Alia.

102 1658 242 1741 Repelle
257 1657 625 1739 domineconscriptum
642 1658 768 1738 peccati
781 1658 855 1739 lege
871 1658 1130 1742 cyrograjphum
1142 1661 1197 1743 [fo.
1210 1665 1259 1742 78.

60 1746 151 1828 quod
191 1745 224 1808 in
262 1745 359 1807 nobis
389 1744 512 1826 pascali
544 1746 712 1826 mysterio.
743 1765 803 1827 per
833 1747 1103 1810 resurrectionem
1129 1750 1177 1812 tui
1204 1749 1261 1813 filii

62 1831 212 1896 uacuisti.
233 1852 292 1914 per
306 1831 489 1895 dominum.

612 1941 705 2010 Alia.

104 2053 260 2118 Gaudeat
297 2053 433 2115 domine
470 2052 564 2134 plebs
609 2051 723 2116 fidelis.
758 2062 793 2116 et
830 2074 905 2116 cum
952 2056 1103 2137 propriae
1149 2059 1262 2122 recolit

63 2140 256 2204 saluationis
271 2141 417 2203 exordia
429 2140 498 2203 eius
513 2150 692 2222 proueatur
706 2142 901 2223 augmentis.
917 2162 976 2223 per
991 2143 1174 2208 dominum.

616 2301 708 2365 Alia.

105 2415 199 2477 Deus
215 2413 271 2495 qui
288 2434 349 2476 nos
364 2413 469 2477 fecisti
486 2412 646 2476 hodierna
661 2415 715 2477 die
727 2414 894 2497 paschalia
905 2415 988 2480 festa
1001 2418 1194 2484 caelebrare.
1211 2420 1262 2484 fac

63 2523 122 2566 nos
134 2521 317 2584 quesumus
333 2502 366 2564 in
382 2501 515 2564 caelesti
531 2520 634 2583 regno
649 2503 803 2583 gaudere.
819 2523 886 2585 per.

279 2750 479 2815 Doumrca
505 2749 531 2811 1.
549 2750 644 2813 Post
667 2748 839 2815 Ocmsns
863 2752 1043 2817 Pascuna.

103 2892 200 2954 Deus
222 2889 278 2972 qui
310 2889 342 2951 in
373 2887 431 2951 filii
461 2888 509 2951 tui
533 2887 721 2950 humilitate
743 2888 905 2953 iacentem
931 2893 1091 2954 mundum
1115 2896 1259 2961 erexisti.

58 2978 216 3042 fidelibus
239 2977 305 3039 tuis
335 2984 527 3058 perpetuam
559 2975 704 3037 concede
726 2974 894 3039 laetitiam.
918 2988 954 3040 ut
977 2999 1059 3060 quos
1083 2994 1263 3065 perpetuae

55 3066 179 3215 :portis
207 3063 356 3144 eripuisti
379 3060 517 3126 casibus.
540 3063 670 3144 gaudiis
694 3062 794 3125 facias
817 3066 1025 3146 sempiternis
1048 3067 1177 3149 perfrui.
1204 3093 1263 3153 per

81 3170 245 3217 ominum.

592 3276 730 3341 Secreta.

102 3389 376 3455 Benedictionem
390 3389 525 3451 domine
540 3389 636 3453 nobis
658 3389 806 3453 conferat
821 3389 999 3454 salutarem
1017 3412 1109 3456 sacra
1131 3415 1263 3478 semper

64 3479 197 3542 oblatio.
220 3488 258 3541 ut
279 3477 369 3559 quod
393 3476 463 3558 agit
487 3476 646 3559 mysterio
669 3477 791 3540 uirtute
821 3477 976 3559 perficiat.
1007 3500 1065 3561 per
1088 3483 1260 3546 dominum

63 3576 221 3630 nostrum.

565 3686 747 3766 Praefatio.

103 3802 155 3866 H)
186 3808 320 3862 aeterne
349 3799 439 3862 deus.
483 3798 529 3862 Et
567 3799 751 3861 inmensam
790 3799 949 3863 bonitatis
986 3810 1064 3864 tuae
1101 3803 1260 3884 pietatem

61 3886 230 3951 humiliter
244 3906 391 3949 exorare.
407 3896 443 3949 ut
459 3886 680 3967 ignorantiam
697 3894 829 3948 nostrae
841 3887 1052 3951 mortalitatis
1068 3890 1261 3956 adtendens.

58 3996 104 4038 ex
119 3984 181 4037 tua
203 3973 417 4054 inspiratione
433 3992 494 4034 nos
517 3972 619 4034 facias
634 3971 802 4053 postulare
825 3974 914 4054 quod
939 3984 1064 4038 rectum
1080 3987 1139 4040 est.
1155 3989 1188 4040 et
1205 3987 1263 4043 tua

58 4061 240 4124 clementia
284 4059 409 4122 tribuas
450 4059 628 4142 impetrare
671 4059 761 4140 quod
792 4060 967 4141 poscimus.
1006 4082 1065 4143 per
1102 4063 1261 4129 christum

54 4148 235 4213 dominum
252 4153 410 4209 nostrum.

514 4271 578 4336 Ad
592 4270 816 4353 complendum.

102 4388 246 4451 Praesta
273 4404 454 4468 quesumus
484 4384 696 4466 omnipotens
730 4384 812 4448 deus
849 4395 886 4449 ut
916 4387 1148 4454 uiuificationis
1186 4404 1263 4459 tuae

52 4475 207 4561 gratiam
223 4478 474 4555 consequentes.
490 4472 524 4535 in
540 4479 600 4535 tuo
614 4490 746 4554 semper
761 4493 897 4539 munere
912 4475 1095 4558 gloriemur.
1113 4500 1180 4561 per.
