3046 5092
394 339 487 390 Doni.
512 339 603 389 VIIII.
624 338 720 389 POST
734 339 813 390 OCT.
833 338 1117 391 PENYECOSTEN.
1316 352 1361 403 127

688 516 827 583 Secreta.

201 630 296 694 Deus
332 631 389 713 qui
427 630 584 713 legalium
623 630 827 695 differentias
864 630 1047 695 hostiarum
1082 633 1179 696 unius
1209 635 1359 699 sacrificii

157 718 360 799 perfectione
377 720 528 781 sanxisti.
545 720 659 801 accipe
683 717 880 781 sacrificium
898 739 917 780 a
944 719 1075 781 deuotis
1091 721 1150 783 tibi
1179 721 1311 784 famulis
1326 734 1361 786 et

158 807 228 886 pari
252 805 486 868 benedictione
509 807 594 868 sicut
612 825 749 868 munera
765 805 838 867 abel
865 805 1043 869 sanctifica.
1060 817 1096 869 ut
1121 810 1210 889 quod
1239 810 1359 891 singuli

157 892 351 1040 obltulerunt
382 893 424 954 ad
457 893 640 956 maiestatis
670 902 748 955 tuae
778 892 949 958 honorem.
976 894 1104 956 cunctis
1135 894 1286 977 proficiat
1316 899 1358 961 ad

156 1000 192 1041 sa
208 989 308 1041 utem.
325 999 391 1062 per.

666 1115 850 1195 Praefatio.

202 1228 252 1291 (Β
277 1238 410 1290 aeterne
440 1229 531 1291 deus.
578 1228 623 1290 Et
655 1237 747 1290 tuam
779 1227 1035 1290 misericordiam
1069 1227 1162 1301 ltotis
1201 1229 1256 1312 [so.
1286 1251 1358 1312 91v.

159 1315 285 1376 nisibus
302 1336 449 1378 exorare.
467 1336 508 1376 ne
533 1336 593 1397 pro
617 1325 730 1376 nostra
755 1335 816 1376 nos
844 1315 1018 1396 iniquitate
1040 1319 1273 1398 condempnes.
1299 1323 1357 1384 sed

157 1422 218 1482 pro
255 1411 314 1463 tua
343 1403 468 1482 pietate
499 1403 531 1463 in
563 1403 618 1464 uia
648 1412 738 1465 recta
776 1422 907 1483 semper
937 1402 1103 1483 disponas.
1171 1404 1243 1468 Nec
1273 1408 1358 1471 sicut

159 1508 324 1550 meremur
339 1488 608 1569 delinquentibus
632 1488 782 1550 irascaris
802 1490 861 1550 sed
885 1487 1056 1570 fragilitati
1081 1500 1213 1554 nostrae
1236 1494 1360 1558 inuicta

158 1574 309 1638 bonitate
325 1577 511 1638 subuenias.
529 1596 588 1658 per
603 1574 770 1637 christum.

606 1721 668 1783 Ad
684 1720 911 1803 conplendum.

201 1834 277 1897 Tua
293 1853 355 1895 nos
371 1834 507 1895 domine
523 1832 729 1895 medicinalis
752 1834 910 1914 operatio.
926 1843 959 1895 et
981 1854 1000 1896 a
1017 1835 1138 1897 nostris
1162 1839 1358 1919 peruersita-

158 1921 246 1983 tibus
263 1920 444 1983 clementer
459 1921 628 2003 expediat.
644 1931 679 1983 et
694 1923 736 1983 ad
752 1940 793 1982 ea
815 1940 901 2001 quae
917 1931 994 1983 sunt
1010 1931 1100 1984 recta
1116 1924 1284 2005 perducat.
1301 1948 1359 2009 per

159 2009 341 2071 dominum.

625 2144 734 2225 Super
739 2144 905 2225 populum.

202 2257 345 2320 Familia
356 2267 413 2319 tua
425 2257 507 2318 deus
519 2267 552 2319 et
569 2257 610 2318 ad
629 2255 847 2319 caelebranda
865 2258 1024 2340 principia
1034 2279 1113 2322 suae
1124 2261 1361 2346 redemptionis

159 2345 385 2406 desideranter
405 2354 563 2407 occurrat.
580 2353 614 2406 et
638 2343 708 2406 eius
731 2342 819 2406 bona
843 2356 1092 2425 perseueranter
1114 2349 1276 2430 adquirat.
1301 2374 1360 2435 per

160 2433 343 2495 domiuum.

293 2628 491 2691 Dosumcn
508 2627 629 2690 V1111.
647 2639 738 2689 Posr
754 2624 926 2691 OCTABAS
949 2629 1230 2697 Paurscosrsu.

206 2753 344 2834 Largire
371 2753 467 2815 nobis
494 2753 629 2814 domine
654 2771 835 2832 quesumus
859 2772 990 2835 semper
1014 2757 1166 2837 spiritum
1191 2761 1361 2842 cogitandi

163 2861 249 2922 quae
274 2852 362 2902 recta
389 2850 466 2902 sunt
490 2840 652 2921 propitius
677 2848 712 2900 et
734 2840 863 2920 agendi.
889 2850 925 2901 ut
952 2841 1102 2921 quisine
1133 2855 1166 2906 te
1192 2866 1264 2911 esse
1295 2870 1362 2913 non

166 2947 342 3009 possumus
357 2928 540 2990 secundum
557 2939 590 2987 te
606 2927 717 2987 uiuere
733 2924 914 2988 ualeamus.
931 2947 990 3008 per
1004 2929 1186 2995 dominum.

691 3079 828 3143 Secreta.

205 3193 345 3275 Suscipe
361 3193 496 3256 domine
513 3211 651 3253 munera
666 3211 847 3272 quesumus
863 3213 949 3273 quae
971 3193 1031 3256 tibi
1057 3197 1099 3258 de
1125 3206 1184 3260 tua
1208 3198 1362 3283 largitate

161 3281 342 3345 deserimus
358 3291 394 3342 ut
418 3280 499 3341 haec
522 3289 732 3341 sacrosancta
759 3281 918 3359 mysteria
944 3283 1071 3361 gratiae
1099 3293 1175 3346 tuae
1202 3302 1362 3370 operante

161 3369 284 3430 uirtute
312 3368 495 3450 praesentis
523 3367 612 3427 uitae
640 3368 1217 3435 nosconuersationesanctificent.
1251 3387 1285 3440 et
1318 3380 1361 3443 ad

161 3456 285 3537 gaudia
301 3455 504 3536 sempiterna
520 3454 712 3534 perducant.
729 3473 788 3534 per
804 3453 986 3518 dominum.

673 3597 853 3676 Praefatio.

205 3714 255 3777 (Β
279 3710 534 3773 aeterne-deus.
594 3709 639 3772 Et
670 3718 762 3770 tuam
794 3710 1052 3774 misericordiam
1083 3735 1229 3780 exorare.
1261 3729 1298 3783 ut
1328 3734 1362 3788 te

163 3811 331 3862 annuente
355 3797 525 3859 ualeamus
541 3816 627 3877 quae
644 3795 732 3857 mala
747 3808 825 3858 sunt
841 3796 1014 3861 declinare.
1031 3811 1064 3863 et
1080 3822 1165 3882 quae
1182 3805 1269 3868 bona
1284 3823 1363 3875 sunt

160 3895 402 3967 consequenter
425 3884 569 3965 explere.
616 3882 662 3944 Et
684 3883 762 3962 quia
787 3903 848 3944 nos
871 3882 978 3946 fecisti
1005 3887 1046 3948 ad
1073 3897 1130 3951 tua
1154 3910 1363 3962 sacramenta

162 3974 334 4055 pertinere.
365 3980 400 4033 tu
432 3970 612 4032 clementer
642 3969 674 4030 in
706 3968 802 4032 nobis
833 3989 946 4033 eorum
978 3991 1098 4035 munus
1129 3998 1273 4059 operare.
1304 4006 1364 4067 per

160 4060 321 4122 christum
338 4057 510 4120 dominum
528 4066 687 4119 nostrum.

617 4200 681 4264 Ad
691 4199 919 4285 complendum.

207 4317 260 4383 Sit
276 4315 373 4378 nobis
388 4314 523 4377 domine
539 4313 706 4395 reparatio
722 4312 843 4375 mentis
859 4322 893 4374 et
905 4315 1052 4396 corporis
1067 4315 1224 4400 [caeleste
1240 4323 1295 4406 [fo.
1313 4347 1364 4410 92·

165 4405 370 4486 mysterium.
396 4412 432 4464 ut
458 4402 550 4464 cuius
575 4400 774 4481 exequimur
795 4400 961 4463 actionem
989 4405 1174 4473 sentiamus
1199 4411 1364 4484 effectum.

164 4512 222 4576 per
236 4489 421 4555 dominum.
