3046 5092
204 272 238 322 40
514 260 569 310 DE
596 257 774 311 COMPUTO
797 256 1095 309 ECCLESIASTICO.

208 411 287 475 luna
317 415 500 477 occurrerit.
532 413 604 496 ipsa
634 424 667 476 te
698 415 740 475 ad
772 413 1049 478 caelebrationem
1081 422 1231 477 sanctam
1263 411 1406 494 paschae

208 499 365 582 perducit.
413 500 448 565 Si
465 520 543 563 uero
559 501 631 562 xiiii
647 500 726 563 luna
741 512 819 564 ante
835 501 883 563 xii
907 500 970 563 kal.
998 521 1065 583 apr.
1089 500 1273 564 occurrerit
1297 500 1330 562 id
1353 508 1405 562 est

206 597 265 649 aut
294 588 354 649 xiii
382 588 445 650 kal.
481 608 548 669 apr.
579 597 636 650 aut
674 589 744 650 xiiii
776 587 839 651 kal.
870 608 937 669 apr.
967 596 1025 650 aut
1051 609 1098 650 xv
1128 586 1191 650 kal.
1222 607 1289 668 apr.
1320 587 1404 648 scito

206 674 364 754 quoniam
382 674 545 756 paschalis
561 674 640 737 luna
656 695 722 737 non
738 686 789 738 est
811 674 869 738 sed
893 675 1034 736 eandem
1058 673 1136 736 luna
1159 693 1234 736 cum
1258 685 1404 735 xxxmam

208 761 411 842 perduxeris,
442 761 521 823 luna
562 782 649 843 quae
679 762 745 824 alia
774 763 828 824 dic
858 771 939 824 nata
968 761 1065 824 luerit
1097 762 1128 823 in
1168 761 1240 842 ipsa
1276 756 1407 831 omnia†

207 858 359 911 sanctum
391 848 514 930 pascha
543 848 754 912 caelebrabis.
786 848 945 913 Similiter
973 847 1124 922 caustus†
1148 858 1220 911 esto
1250 856 1287 909 ut
1317 847 1406 908 xiiii⁰

208 933 271 996 kal.
303 936 377 998 mai.
410 936 488 998 luna
513 936 601 997 xiiiia
627 955 694 997 non
719 935 939 999 transcendat
965 945 1023 998 aut
1053 937 1094 998 ad
1127 935 1203 997 xiii0
1234 933 1299 996 kal.
1328 933 1405 995 mai.

207 1031 265 1084 aut
292 1021 334 1084 ad
365 1023 430 1084 xii0
457 1021 519 1084 kal.
551 1023 625 1085 mai.
686 1023 775 1086 Nam
805 1043 882 1085 cum
908 1022 1045 1104 incipies
1076 1041 1235 1104 magnum
1267 1020 1406 1084 deducis

208 1127 361 1170 errorem.

252 1193 512 1259 Christianorum
530 1215 609 1258 uero
625 1195 748 1277 pascha
770 1195 814 1258 ab
840 1196 876 1258 xi
902 1195 965 1258 kal.
990 1216 1057 1278 apr.
1084 1214 1188 1277 usque
1213 1195 1245 1257 in
1272 1194 1316 1257 vii
1340 1193 1406 1257 kal.

210 1283 283 1344 mai.
307 1302 517 1364 quocumque
540 1284 708 1346 dominica
726 1283 779 1346 die
796 1283 875 1346 luna
889 1282 1045 1346 uidelicet
1060 1284 1237 1346 occurrerit
1251 1290 1406 1343 sanctum

209 1369 332 1450 pascha
357 1370 464 1431 modis
491 1370 645 1432 omnibus
671 1370 874 1433 caelebrabis
901 1370 991 1452 quod
1016 1370 1044 1431 si
1070 1379 1148 1432 ante
1178 1370 1213 1431 xi
1240 1367 1306 1430 kal.
1336 1388 1407 1449 apr.

208 1456 309 1517 etiam
325 1457 351 1517 si
369 1457 447 1518 luna
462 1458 639 1520 occurrerit
655 1456 708 1520 uel
724 1466 801 1540 post
816 1457 860 1519 vii
884 1456 948 1519 kal.
972 1457 1047 1520 mai.
1070 1456 1194 1538 pascha
1216 1454 1407 1518 nullatenus

208 1541 422 1606 caelebratur.

253 1628 489 1693 Communium
506 1640 540 1693 et
556 1629 827 1694 embolismomm
844 1631 929 1693 ratio
944 1631 1008 1693 ista
1023 1640 1074 1693 est
1091 1638 1128 1693 ut
1143 1649 1202 1712 per
1216 1627 1407 1711 ogdoadem

209 1725 243 1777 et
283 1718 491 1799 endegadem
527 1737 655 1780 currere
685 1719 838 1781 debeant.
894 1716 982 1780 Sunt
1019 1727 1131 1781 autem
1169 1718 1296 1798 ogdoas
1334 1715 1408 1779 viii0

209 1803 355 1884 endegas
379 1805 423 1866 xi.
440 1824 523 1866 com.
539 1824 623 1867 com.
640 1804 863 1868 embolismus
880 1824 964 1867 com.
980 1824 1064 1867 com.
1080 1803 1305 1867 embolismus.
1321 1821 1408 1866 com.

209 1889 294 1953 emb.
319 1891 466 1973 endegas
486 1891 531 1954 xi.
555 1910 638 1954 com.
665 1912 751 1954 com.
778 1891 863 1954 emb.
889 1910 973 1954 com.
998 1911 1082 1954 com.
1109 1889 1195 1954 emb.
1218 1909 1302 1952 com.
1322 1907 1409 1953 com.

209 1977 295 2038 emb.
322 1996 404 2040 com.
430 1978 514 2040 emb.
561 1978 607 2040 Et
631 1979 678 2041 sic
694 1978 885 2041 inueniendi
901 1987 979 2040 sunt
995 1978 1086 2041 uerbi
1102 1978 1209 2060 gratia
1225 1976 1313 2039 xiiii⁸
1329 1975 1410 2039 luna

209 2062 373 2144 paschalis
404 2064 593 2127 lestiuitatis
619 2065 652 2127 in
684 2085 773 2128 anno
803 2066 982 2147 praeterito
1012 2065 1118 2147 pridie
1147 2065 1222 2128 idus
1252 2083 1320 2146 apr.
1346 2061 1411 2126 fuit

210 2151 282 2231 ipsa
297 2149 376 2212 luna
391 2151 463 2213 xiiii
473 2172 562 2214 anno
578 2163 752 2234 praesente
768 2152 801 2214 in
818 2172 858 2215 eo
880 2151 1043 2216 datarum.
1068 2153 1095 2214 si
1119 2149 1410 2234 superextenderit

209 2235 327 2299 diebus
350 2237 413 2300 xix
435 2238 497 2301 erit
520 2259 595 2303 ann.
617 2240 703 2303 emb.
726 2240 753 2301 si
778 2248 864 2303 retro
888 2239 1025 2302 inuenta
1047 2237 1145 2302 fuerit
1160 2236 1277 2302 diebus
1293 2235 1331 2299 xi
1346 2237 1410 2300 erit

209 2343 283 2386 ann.
300 2324 385 2386 emb.

254 2410 422 2493 Quattuor
436 2409 643 2475 differentiae
658 2411 756 2475 lunae
779 2412 930 2474 uictorini
954 2411 1143 2476 anatholius
1165 2421 1199 2475 et
1221 2409 1409 2474 laterculus

210 2496 294 2560 alius
325 2511 426 2561 xxxa.
457 2498 541 2560 alius
572 2501 668 2562 xxix.
707 2501 796 2580 apud
835 2499 951 2562 ebreos
989 2501 1087 2562 xxix.
1125 2508 1158 2561 et
1196 2498 1283 2560 senis
1318 2497 1409 2579 apud

210 2586 372 2666 aegiptios
389 2586 485 2648 xxix.
503 2587 637 2668 aegiptii
655 2587 779 2649 faciunt
795 2591 826 2648 in
850 2587 941 2648 omni
958 2607 1046 2648 anno
1061 2587 1122 2649 xiii
1141 2583 1247 2669 lmen·
1264 2583 1321 2666 [so.
1339 2600 1409 2646 22v.

210 2692 262 2733 ses
300 2673 332 2733 in
365 2692 564 2754 unoquoque
596 2694 709 2736 mense
740 2694 817 2735 xxx
848 2674 928 2737 dies,
959 2675 990 2735 in
1022 2694 1089 2736 uno
1121 2693 1234 2735 mense
1271 2693 1292 2733 v
1329 2671 1409 2734 dies,

212 2758 407 2823 Communis
424 2781 530 2822 annus
546 2760 648 2823 habet
664 2761 734 2823 dies
758 2758 879 2834 cccliiii
905 2760 991 2823 adde
1018 2762 1053 2822 xi
1080 2759 1163 2822 fiunt
1188 2759 1259 2821 dies
1282 2758 1408 2821 ccclxv.

211 2846 298 2908 adde
334 2867 434 2927 supra
471 2848 533 2909 xix
572 2858 605 2910 et
643 2847 680 2911 fit
717 2847 942 2911 embolismus,
980 2848 1033 2910 hic
1070 2867 1177 2911 annus
1206 2845 1309 2908 habet
1339 2846 1410 2909 dies

210 2932 412 2995 ccclxxxiiii.

256 3019 348 3100 Quot
371 3020 441 3081 dies
464 3020 624 3083 debemus
655 3021 779 3102 pascha
809 3021 994 3083 caelebrare
1019 3021 1052 3083 id
1084 3030 1135 3083 est
1169 3020 1323 3081 xxxiiii⁰r
1357 3018 1409 3081 uel

214 3127 313 3168 xxxv
335 3114 369 3167 et
394 3107 456 3168 hoc
484 3117 520 3169 ut
545 3108 616 3170 dixi
644 3109 706 3169 xix
732 3106 836 3181 anno†
862 3108 946 3189 cycli
975 3107 1011 3170 fit
1038 3117 1173 3189 propter
1199 3107 1410 3170 concordiam

212 3203 432 3273 aepactarum.
450 3194 503 3255 isti
520 3205 630 3256 autem
648 3216 746 3257 xxxv
762 3196 833 3256 dies
848 3206 926 3257 sunt
941 3194 986 3256 hii
1001 3196 1057 3275 qui
1074 3194 1188 3256 cccliiii
1204 3193 1410 3256 diebusanni

214 3473 280 3515 non
306 3453 382 3515 licet
408 3454 583 3517 caelebrari
608 3476 708 3536 supra
738 3476 817 3518 uero
848 3456 907 3517 hos
931 3457 1001 3518 dies
1025 3455 1109 3518 licet.
1134 3456 1165 3516 in
1189 3454 1411 3517 embolismali

214 3551 325 3602 autem
350 3561 439 3603 anno
461 3551 539 3603 ante
561 3543 754 3604 ccclxxxiiii
778 3542 831 3604 uel
853 3565 873 3604 v
898 3561 963 3605 nou
979 3542 1079 3606 debet
1095 3541 1218 3623 pascha
1234 3539 1413 3604 caelebrari

215 3648 314 3707 supra
339 3648 417 3689 uero
449 3628 532 3691 licet.
567 3630 632 3692 lste
662 3650 742 3711 ergo
772 3650 928 3692 numerus
958 3630 1085 3692 dierum
1114 3631 1146 3690 in
1177 3628 1414 3691 communibus

216 3715 310 3776 annis
327 3724 360 3776 et
376 3715 580 3778 embolismis
597 3717 628 3778 in
646 3716 889 3779 caelebratione
906 3716 1049 3798 paschae
1064 3716 1293 3778 obseruandus
1309 3725 1370 3778 est.

260 3802 369 3863 Maior
384 3802 654 3865 embolismorum
672 3805 755 3866 ratio
779 3804 937 3885 probatur
959 3804 1110 3866 existere.
1133 3804 1223 3883 quod
1240 3822 1417 3866 commun·

217 3888 284 3950 ium
324 3909 485 3951 annorum
519 3891 649 3952 uidetur
679 3892 827 3973 dampna
856 3891 1010 3973 supplere
1039 3900 1203 3971 quatenus
1233 3899 1267 3951 et
1297 3890 1416 3952 solaris

217 3985 349 4055 tempus
366 3976 487 4037 lunaris
503 3988 688 4058 exequetur
704 3979 857 4040 excursio
872 3976 1011 4039 embolis
1027 3997 1128 4058 quare
1145 3975 1182 4039 fit
1197 3986 1230 4039 et
1242 3978 1417 4057 quomodo

217 4060 254 4123 fit
269 4072 302 4124 et
327 4063 405 4142 quid
431 4074 518 4125 esset
543 4065 569 4125 si
595 4085 660 4127 non
686 4065 807 4127 luisset
853 4063 1041 4146 Quomodo
1059 4065 1092 4126 id
1109 4072 1166 4127 est.
1183 4084 1267 4126 com.
1283 4075 1417 4128 comet

218 4147 301 4210 fiunt
329 4149 367 4209 ii0
390 4152 467 4211 anni
491 4151 614 4213 solares
630 4162 663 4214 et
680 4153 824 4213 resident
841 4153 914 4213 xxii
932 4153 1060 4214 diesde
1076 4150 1206 4213 duobus
1223 4152 1318 4212 annis
1336 4151 1417 4214 solis

218 4235 267 4296 iii⁰
294 4255 382 4297 anno
407 4248 582 4317 supersunt
607 4239 719 4300 xxxiii
746 4239 816 4300 dies
843 4239 921 4300 solis
949 4237 985 4301 fit
1015 4238 1230 4301 embolismus
1262 4238 1295 4300 iii
1326 4258 1419 4302 anno

219 4320 324 4384 lunae.
352 4333 385 4385 et
409 4323 547 4405 deponit
572 4334 674 4387 xxxta
698 4326 769 4387 dies
794 4335 827 4387 et
852 4336 1027 4407 supersunt
1051 4326 1091 4386 iii.
1116 4335 1149 4387 et
1166 4323 1249 4387 fiunt
1265 4325 1421 4388 similiter

217 4427 300 4471 com.
317 4429 399 4472 com.
416 4411 483 4474 duo
499 4413 577 4474 anni
593 4413 776 4495 singulares
792 4413 824 4474 in
837 4414 887 4475 iiiO
902 4433 991 4475 anno
1007 4413 1084 4490 lune
1097 4412 1185 4475 idem
1199 4412 1420 4477 embolismus
