3046 5092
451 339 566 389 FERIA
597 339 640 389 VI.
668 339 717 388 IN
737 337 968 389 PARASCEUE.

649 599 793 665 Oremus.

154 702 379 787 Omnipotens
395 706 594 786 sempiterne
610 707 692 767 deus
708 705 800 766 cuius
816 702 937 766 iudicio
953 698 1106 765 uniuersa
1124 699 1312 762 fundantur.

110 794 237 872 respice
253 793 414 874 propitius
430 792 472 854 ad
495 812 630 873 praeces
646 803 783 853 nostras.
799 800 832 852 et
846 789 988 851 electum
1013 788 1108 850 nobis
1131 789 1313 850 antistitem

111 889 169 939 tua
194 880 318 959 pietate
343 899 509 941 conserua
536 889 572 940 ut
599 878 776 940 christiana
801 876 895 958 plebs
919 896 1005 957 quae
1030 876 1087 938 tali
1112 874 1316 956 gubernatur

110 976 246 1026 auctore
262 966 324 1027 sub
340 975 435 1029 tanto
450 964 607 1048 pontifice
622 964 825 1027 credulitatis
841 983 920 1026 suae
937 964 1061 1025 meritis
1073 972 1241 1044 augeatur.
1258 981 1316 1042 per

109 1052 293 1114 dominum.

156 1160 299 1225 Oremus
336 1171 370 1225 et
408 1184 468 1245 pro
497 1164 652 1227 omnibus
682 1162 853 1244 episcopis.
886 1161 1082 1244 presbiteris.
1104 1148 1315 1223 diaconibus,

110 1250 376 1312 subdiaconibus.
403 1251 557 1313 accolitis.
584 1251 764 1312 exorcistis.
793 1251 976 1311 lectoribus.
994 1250 1166 1311 hostiariis.
1189 1247 1312 1309 confes-

111 1337 251 1398 soribus·
268 1336 459 1418 uirginibus.
476 1337 593 1400 uiduis.
617 1347 650 1401 et
675 1358 735 1419 pro
753 1338 844 1398 omni
861 1337 986 1418 populo
1009 1348 1124 1398 sancto
1140 1335 1202 1398 dei.

650 1467 794 1532 Oremus.

157 1579 381 1663 Omnipotens
418 1581 619 1662 sempiterne
655 1581 737 1643 deus
774 1581 867 1644 cuius
904 1581 1019 1662 spiritu
1057 1591 1166 1645 totum
1197 1596 1315 1659 corpus

112 1668 293 1731 aecclesiae
330 1667 555 1729 sanctificatur
591 1677 623 1729 et
662 1670 792 1748 regitur.
823 1670 946 1731 exaudi
978 1690 1037 1730 nos
1068 1689 1128 1749 pro
1154 1665 1315 1728 uniuersis

111 1755 283 1817 ordinibus
298 1755 531 1836 supplicantes.
547 1764 584 1817 ut
606 1756 732 1836 gratiae
755 1764 831 1817 tuae
855 1775 990 1817 munere
1013 1754 1056 1818 ab
1077 1754 1231 1817 omnibus
1255 1751 1314 1813 tibi

111 1842 271 1923 gradibus
287 1841 427 1904 fideliter
441 1843 611 1905 seruiatur.
627 1862 685 1924 per
700 1843 873 1903 dominum
890 1854 1049 1906 nostrum.

156 1951 300 2017 Oremus
315 1965 349 2016 et
365 1975 424 2036 pro
439 1955 712 2016 christianissimo
728 1955 927 2037 imperatore
944 1965 1056 2016 nostro
1072 1954 1115 2017 ill.
1132 1963 1169 2017 ut
1184 1954 1266 2017 deus
1281 1960 1316 2014 et

112 2039 268 2102 dominus
285 2052 396 2104 noster
411 2041 562 2103 subditas
586 2040 630 2102 illi
657 2040 757 2103 saciat
781 2061 898 2103 omnes
924 2040 1080 2103 barbaras
1104 2042 1255 2103 nationes
1271 2039 1314 2102 ad

112 2137 261 2189 nostram
277 2138 472 2209 perpetuam
490 2146 616 2209 pacem.

651 2240 794 2306 Oremus¹

157 2328 380 2411 Omnipotens
403 2329 603 2411 sempiterne
633 2330 714 2391 deus
746 2331 778 2392 in
809 2331 902 2392 cuius
934 2350 1034 2392 manu
1064 2336 1141 2393 sunt
1164 2328 1314 2390 omnium

112 2426 296 2498 potestates
332 2427 366 2478 et
404 2417 552 2478 omnium
592 2417 662 2477 iura
692 2437 876 2498 regnorum.
914 2415 1054 2499 frespicc
1083 2417 1126 2478 ad
1157 2415 1212 2496 [lo.
1243 2416 1316 2476 60v.

109 2503 284 2584 anglorum
315 2502 478 2583 benignus
509 2503 690 2582 imperium.
717 2513 753 2565 ut
783 2517 899 2585 gentes
923 2525 1008 2585 quae
1033 2507 1065 2565 in
1097 2523 1156 2564 sua
1186 2502 1316 2563 scritate

110 2589 291 2652 confidunt.
305 2591 476 2669 potentiae
492 2599 568 2650 tuae
583 2590 725 2652 dextera
740 2593 1009 2673 comprimantur.
1023 2609 1080 2671 per
1096 2590 1276 2651 dominum.

158 2699 300 2763 Oremus
315 2710 349 2763 et
366 2721 426 2782 pro
442 2701 648 2764 caticuminis
665 2703 792 2764 nostris.
809 2711 846 2763 ut
869 2703 950 2764 deus
974 2710 1007 2763 et
1030 2701 1184 2762 dominus
1203 2709 1315 2761 noster

111 2787 283 2869 adaperiat
300 2808 395 2849 aures
411 2790 658 2869 pracordiorum
675 2789 830 2869 ipsorum.
847 2789 1046 2868 ianuamque
1063 2788 1313 2849 misericordiae.

111 2887 150 2936 ut
188 2893 246 2954 per
283 2873 451 2937 lauacrum
483 2876 738 2955 regenerationis
769 2885 906 2956 accepta
935 2876 1127 2937 remissione
1164 2875 1313 2935 omnium

111 2971 333 3041 peccatorum.
380 2973 414 3023 et
459 2961 520 3042 ipsi
575 2962 785 3023 inueniantur
829 2963 862 3023 in
907 2962 1030 3025 christo
1071 2963 1139 3023 iesu
1176 2961 1314 3024 domino

111 3056 234 3110 nostro

638 3145 783 3210 Oremus.

156 3255 381 3339 Omnipotens
411 3259 610 3339 sempiterne
647 3259 737 3320 deus.
776 3259 832 3340 qui
870 3259 1062 3322 aecclesiam
1104 3268 1195 3322 tuam
1227 3279 1315 3321 noua

107 3363 244 3425 semper
270 3344 361 3425 prole
386 3343 552 3407 secundas.
577 3365 661 3426 auge
692 3343 792 3408 fidem
819 3354 853 3408 et
879 3347 1082 3408 intellectum
1107 3347 1315 3409 caticuminis

107 3433 240 3492 nostris.
263 3440 300 3492 ut
323 3433 427 3493 renati
450 3431 542 3493 sonte
565 3433 777 3513 baptismatis
804 3432 992 3514 adoptionis
1017 3443 1094 3495 tuae
1110 3432 1184 3494 filiis
1200 3434 1316 3513 adgre-

106 3528 238 3598 gentur.
255 3538 322 3599 per.

157 3638 308 3702 Oremus.
346 3641 549 3704 dilectissimi
587 3641 692 3705 nobis,
730 3643 829 3705 deum
875 3653 1003 3725 patrem
1048 3643 1313 3725 omnipotentem

110 3737 149 3788 ut
181 3728 307 3789 cunctis
339 3728 499 3790 mundum
530 3739 649 3811 purget
675 3731 847 3791 erroribus.
872 3731 1006 3794 morbos
1030 3731 1163 3793 auferat.
1192 3729 1313 3792 samem

109 3812 267 3893 depellat.
306 3816 432 3895 aperiat
475 3835 630 3878 carceres
669 3816 778 3879 uincla
822 3817 991 3880 dissoluat.
1029 3818 1315 3898 peregrinantibus

110 3900 268 4047 reditlum.
293 3899 534 3964 infirmantibus
565 3903 752 3964 sanitatem.
775 3904 1011 3985 nauigantibus
1040 3916 1173 3986 portum
1198 3904 1314 3965 salutis

107 3987 293 4068 indugeat.

650 4100 795 4167 Oremus.

154 4220 380 4305 Omnipotens
391 4224 590 4306 sempiterne
606 4225 688 4289 deus
699 4237 879 4289 mestorum
892 4226 1083 4289 consolatio.
1095 4225 1315 4289 laborantium

106 4308 280 4371 fortitudo.
300 4311 496 4391 perueniant
519 4311 562 4374 ad
586 4322 621 4374 te
644 4333 778 4394 praeces
802 4313 845 4375 de
868 4333 1078 4395 quacumque
1105 4313 1316 4375 tribulatione

106 4394 337 4458 clamantium.
352 4407 389 4459 ut
405 4417 519 4459 omnes
542 4399 605 4461 sibi
630 4399 663 4461 in
689 4400 939 4464 necessitatibus
966 4402 1032 4465 suis
1057 4401 1315 4463 misericordiam

106 4495 203 4546 tuam
219 4483 390 4565 gaudeant
405 4483 556 4547 adfuisse.
574 4506 632 4567 per
647 4486 829 4552 dominum.
