3046 5092
155 300 204 338 122
435 283 529 334 DOM.
548 283 572 333 1.
591 281 689 333 POST
702 281 779 332 ocr.
799 280 1083 332 PENTECOSYFM

153 437 255 500 ditur.
272 433 326 497 l'ac
342 453 404 496 nos
419 451 600 515 quesumus
616 432 700 494 atria
723 451 864 514 superne
887 431 1040 494 ciuitatis.
1067 440 1101 494 et
1120 440 1155 494 te
1180 431 1364 514 inspirante

154 542 293 604 semper
314 519 450 583 ambire.
467 530 501 582 et
523 530 582 582 tua
604 518 812 601 indulgentia
838 517 978 581 fideliter
1002 519 1133 581 intrare„
1181 518 1244 581 Per
1260 520 1365 582 domi-

157 628 242 671 num
258 618 420 670 nostrum.

688 725 825 789 Secreta.

203 839 361 901 Remotis
386 838 696 901 obumbrationibus
723 837 903 901 carnalium
934 838 1152 901 uictimarum.
1183 837 1366 920 spiritalem

158 926 221 987 tibi
237 945 371 988 summe
387 936 481 1008 pater
495 926 638 988 hostiam
655 926 796 1008 supplici
811 927 970 987 seruitute
985 925 1163 988 offerimus,
1180 946 1268 1007 quae
1285 926 1367 986 miro

160 1010 389 1093 ineffabilique
416 1013 582 1093 mysterio.
605 1023 640 1075 et
664 1013 853 1074 immolatur
876 1032 1008 1094 semper
1033 1022 1068 1074 et
1092 1013 1211 1074 eadem
1238 1032 1368 1093 semper

160 1096 310 1160 offertur.
336 1101 523 1181 pariterque
547 1110 581 1162 et
607 1100 804 1162 deuotorum
831 1118 950 1161 munus
981 1110 1015 1162 et
1044 1101 1288 1163 remunerantis
1318 1109 1367 1160 est

161 1204 359 1265 proemium.
376 1206 441 1268 per.

678 1306 860 1384 Praefatae.

207 1415 259 1478 (θ
283 1426 419 1480 aeterne
445 1417 535 1480 deus.
593 1416 660 1500 Qui
690 1437 765 1479 cum
797 1418 968 1499 unigenito
995 1416 1064 1479 tilio
1093 1426 1153 1480 tuo
1182 1425 1217 1479 et
1249 1417 1364 1500 spiritu

162 1511 281 1564 sancto
305 1523 391 1566 unus
414 1502 481 1579 est†
496 1506 578 1567 deus
594 1525 677 1567 unus
694 1503 760 1578 est†
775 1504 940 1567 dominus.
985 1503 1062 1566 Non
1084 1505 1116 1567 in
1144 1507 1242 1566 unius
1258 1508 1367 1587 singu·

162 1587 295 1651 laritate
311 1611 472 1672 personae
487 1594 545 1654 sed
563 1593 595 1653 in
612 1593 707 1653 unius
724 1592 870 1653 trinitate
893 1593 1108 1653 substantiae.
1156 1591 1258 1673 Quod
1282 1594 1366 1653 enim

164 1675 208 1735 de
232 1686 293 1738 tua
316 1678 424 1758 gloria
450 1677 617 1741 reuelante
642 1689 675 1740 te
702 1679 875 1740 credimus.
902 1679 965 1739 hoc
990 1681 1032 1740 de
1053 1677 1121 1740 filio
1147 1689 1213 1740 tuo.
1239 1679 1304 1740 hoc
1328 1681 1367 1742 de

162 1761 281 1841 spiritu
298 1778 415 1827 sancto
431 1766 502 1827 sine
518 1765 722 1827 differentiae
737 1766 934 1826 discretione
950 1766 1121 1827 sentimus,
1138 1777 1174 1827 ut
1195 1766 1226 1826 in
1245 1762 1363 1848 [con-¹]

164 1846 308 1912 sessione
322 1871 401 1914 uere
415 1854 680 1935 sempiterneque
696 1853 837 1914 deitatis,
853 1863 887 1913 et
903 1852 935 1913 in
953 1853 1102 1933 personis
1126 1854 1320 1933 proprietas
1335 1866 1365 1914 et

165 1934 197 1995 in
221 1939 352 2000 mentia
375 1941 495 2002 unitas.
526 1948 560 2002 et
584 1940 616 2000 in
649 1941 822 2001 maiestate
842 1939 1209 2018 adoreturaequalitas.
1255 1939 1363 2021 Quam

165 2021 305 2086 laudant
320 2027 440 2106 angeli.

525 2178 531 2194 ι
616 2144 679 2208 Ad
696 2145 919 2226 corrmlendum.

209 2253 386 2318 laetificet
401 2277 462 2319 nos
478 2277 656 2339 quesumus
673 2259 806 2320 domine
822 2258 1020 2319 sacramenti
1038 2258 1228 2321 ueneranda
1238 2258 1366 2323 sollem-

168 2342 279 2423 pnitas
302 2345 490 2426 pariterque
516 2356 643 2407 mentes
674 2356 802 2406 nostras
833 2354 866 2406 et
896 2364 1043 2425 corpora.
1075 2347 1216 2427 spiritali
1249 2350 1367 2410 sancti-

167 2428 322 2491 ticatione
359 2430 522 2494 fecundet
560 2445 593 2493 et
638 2432 736 2493 castis
773 2432 903 2511 gaudiis
941 2452 1072 2513 semper
1110 2444 1274 2496 exerceat.
1314 2456 1370 2516 per

168 2516 351 2581 dominum.

336 2713 533 2777 llourxrca
561 2715 584 2777 l.
609 2729 697 2777 rosa
722 2714 892 2777 Ocranas
918 2715 1202 2777 Puxrucosrux.

214 2839 306 2903 tuns
323 2844 353 2904 iu
372 2858 404 2905 te
420 2845 622 2926 sperantium
646 2843 811 2905 fortitudo.
836 2845 952 2904 adesto
972 2845 1135 2924 propitius
1153 2844 1355 2906 inuocationi
1369 2885 1397 2894 -

171 2928 232 2989 'tatis
259 2933 378 2991 uostris
402 2946 434 2992 et
460 2933 537 3012 quia
565 2934 682 2992 sinete
705 2932 783 2991 nilril
802 2942 910 3011 potest
936 2930 1098 3010 inuitatis!
1122 2931 1208 2991 insir-
1227 2931 1282 3012 [ln.
1302 2937 1411 2992 btv.

172 3034 277 3078 sutas
295 3034 424 3099 praesta
441 3020 602 3079 auxilium
620 3020 745 3098 gratiae
763 3030 846 3079 tuae.
865 3030 900 3079 ut
918 3019 948 3078 in
973 3020 1179 3096 exequendis
1206 3021 1368 3080 marulati
1382 3037 1411 3075 ε

173 3120 244 3167 :uta
260 3122 293 3167 ct
310 3106 482 3167 uoluntate
499 3106 556 3167 tibi
573 3118 605 3167 et
622 3107 751 3167 actione
768 3105 964 3186 placeamus
983 3126 1040 3185 per
1056 3106 1242 3166 domiuum.

703 3243 841 3305 Secreta.

222 3356 358 3420 llostias
382 3370 511 3419 nostras
536 3357 669 3417 eluminc
696 3357 754 3417 tibi
783 3356 908 3416 dicatas
937 3354 1087 3435 placatus
1113 3378 1246 3419 assume
1272 3370 1306 3420 et
1339 3379 1411 3418 a·

176 3464 370 3529 arra-:uara
405 3448 498 3506 ruilus
536 3445 641 3505 tribue
680 3444 852 3525 prouenire
883 3443 1075 3504 subsidium.
1108 3466 1166 3525 per
1201 3446 1411 3507 domiuus

177 3552 334 3599 uestram.

690 3651 870 3729 Praefatio,

221 3766 271 3829 stt
295 3780 425 3825 aeterne
451 3761 540 3821 deus.
587 3755 652 3836 Qui
678 3755 855 3817 aecclesiae
880 3766 955 3816 tuae
979 3753 1063 3815 filios
1081 3756 1165 3817 sicut
1182 3777 1248 3817 non
1267 3771 1409 3817 cessas

180 3856 306 3917 „erui-,ze
332 3870 376 3913 ua
401 3868 465 3910 uun
491 3846 611 3907 desinis
637 3845 802 3903 adiuuare.
819 3853 855 3903 ut
880 3855 913 3903 et
938 3844 1108 3903 scientiam
1139 3854 1171 3903 te
1199 3847 1346 3904 miseran
1357 3852 1397 3898 te

181 3960 267 4007 Μ,
284 3940 430 4005 {ph-mi,
448 3948 480 3997 ct
499 3931 751 4015 possibilitatem
769 3931 901 4010 capiant
918 3931 1117 4009 exequendi.
1134 3953 1193 4011 per
1209 3933 1383 3992 christum.

622 4067 684 4131 Ad
703 4066 931 4146 corrrplendum.

235 4188 342 4255 luatis
373 4180 505 4245 ‹loruiue
537 4174 650 4257 repleti
684 4172 873 4233 muneribus
905 4181 1036 4251 praesta
1066 4191 1246 4251 quesumus
1275 4178 1306 4231 ut
1332 4178 1357 4224 et

183 4282 337 4343 cr'rrtaua
360 4273 448 4336 clena
474 4266 655 4347 capiamus.
681 4274 714 4322 et
739 4281 759 4320 a
784 4269 842 4320 tua
869 4278 1049 4337 numquam
1077 4261 1176 4321 laude
1203 4273 1350 4320 cessemus.

187 4391 254 4433 rur„

188 4432 196 4451 ⁸
409 4484 416 4515 ¹
440 4484 495 4535 l'lris
506 4480 608 4547 syllable
620 4478 641 4527 is
652 4475 756 4527 omitted
768 4484 793 4524 at
806 4475 847 4523 the
859 4473 994 4538 beginning
1006 4474 1034 4522 ol
1042 4490 1057 4522 a
1070 4473 1127 4524 line.
