3046 5092
404 350 496 402 DOM.
514 350 624 402 XXIII.
644 350 742 402 POST
756 349 833 400 OCT.
853 347 1136 400 PENYECOSIFN.
1327 359 1372 413 137

169 497 410 580 temporalibus
426 499 613 562 consolaris.
630 507 666 562 ut
682 500 725 562 <le
740 499 951 582 sempiternis
968 498 1068 562 facias
1084 500 1248 562 certiores.
1295 496 1372 579 Quo

169 593 203 646 te
219 597 252 647 et
268 586 300 646 in
318 586 483 668 prosperis
499 594 533 649 et
556 587 588 648 in
605 587 753 648 aduersis
776 587 832 668 pia
854 606 985 668 semper
1000 585 1221 666 conflessione
1236 583 1304 667 [Iol.
1320 586 1372 662 98.

169 671 351 735 laudemus
369 674 474 735 iesum
491 672 649 736 christum
666 672 839 735 dominum
857 684 1014 737 nostrum.
1031 692 1212 755 perquem.

624 809 688 872 Ad
697 809 922 891 complendum.

213 911 287 974 Tua
303 932 364 975 nos
380 913 515 974 domine
531 913 736 975 medicinalis
755 913 904 994 operatio
920 921 953 975 et
969 933 989 974 a
1004 913 1126 974 nostris
1150 912 1371 995 peruersitati-

168 998 231 1060 bus
243 998 428 1148 tqlementer
441 1000 610 1081 expediat.
627 1009 660 1062 et
676 1000 741 1062 tuis
758 998 857 1062 saciat
879 1019 1010 1081 semper
1032 1000 1180 1062 inherere
1196 1000 1371 1095 mandatis.

168 1104 229 1166 per
267 1106 425 1149 ominum.

289 1273 487 1336 Donnrucn
510 1272 627 1335 XXII.
652 1286 741 1336 Posr
765 1269 936 1336 Ocrnnns
961 1274 1242 1336 Pnnrncosrnu.

212 1391 349 1474 Largire
365 1413 545 1475 quesumus
561 1391 696 1456 domine
713 1392 864 1455 fidelibus
880 1394 946 1457 tuis
962 1393 1202 1474 indulgentiam
1220 1392 1369 1475 placatus

168 1487 201 1541 et
217 1500 343 1561 pacem.
361 1490 397 1543 ut
413 1481 535 1561 pariter
558 1480 602 1542 ab
625 1481 779 1542 omnibus
808 1482 1011 1544 mundentur
1036 1480 1179 1543 offensis.
1196 1492 1230 1542 et
1256 1500 1368 1542 secura

168 1566 228 1628 tibi
245 1576 357 1630 mente
372 1567 569 1629 deseruiant.
585 1587 645 1648 per
659 1567 841 1629 dominum.

698 1702 835 1768 Secreta.

212 1805 401 1870 Caelestem
429 1807 524 1869 nobis
551 1807 733 1889 praebeant
756 1808 838 1870 haec
862 1807 1020 1888 mysteria
1035 1826 1218 1887 quesumus
1235 1807 1370 1869 domine

171 1894 378 1956 medicinam.
394 1903 428 1956 et
445 1895 527 1957 uitia
542 1895 646 1957 nostri
661 1894 769 1957 cordis
785 1903 983 1976 expurgent.
999 1914 1065 1975 per.

673 2030 854 2110 Praefatio.

211 2132 261 2197 ID
279 2141 412 2196 aeterne
428 2133 517 2197 deus
564 2132 777 2197 Maiestatem
801 2144 893 2197 tuam
917 2134 1110 2216 suppliciter
1125 2134 1370 2215 depraecantes.

168 2228 205 2283 ut
235 2220 387 2302 expulsis
416 2222 544 2302 azymis
578 2222 761 2285 uetustatis
795 2221 882 2283 illius
913 2223 991 2302 agni
1025 2222 1112 2301 cybo
1149 2222 1308 2283 satiemur
1337 2229 1371 2281 et

167 2307 296 2388 poculo
311 2307 413 2387 quiet
429 2316 576 2370 nostram
588 2308 767 2389 imaginem
784 2308 958 2388 reparauit.
969 2318 1003 2370 et
1013 2328 1107 2369 suam
1121 2306 1216 2369 nobis
1228 2306 1369 2389 gratiam

167 2394 361 2476 repromisit
378 2395 466 2457 iesus
488 2394 630 2458 christus
646 2395 801 2458 dominus
817 2404 939 2457 noster.
957 2414 1138 2476 perquem.

621 2530 684 2594 Ad
694 2531 920 2612 complendum.

209 2632 260 2697 Ut
275 2633 376 2696 sacris
386 2635 522 2697 domine
538 2636 717 2697 reddamur
728 2636 821 2717 <ligni
839 2634 1037 2698 muneribus.
1051 2633 1102 2697 lac
1118 2655 1179 2696 nos
1188 2654 1369 2715 quesumus

166 2720 231 2782 tuis
247 2719 404 2783 oboedire
421 2723 596 2785 mandatis.
612 2743 678 2804 per.

279 2914 477 2980 Domurcn
501 2916 639 2982 XXIII.
663 2930 753 2981 rosr
776 2916 950 2982 Ocrnnns
975 2917 1260 2982 Pnurucosauu.

209 3036 305 3100 Deus
332 3037 388 3117 qui
416 3057 478 3100 nos
509 3039 655 3122 regendo
685 3059 861 3101 conseruas
893 3039 1059 3121 parcendo
1089 3035 1254 3100 iustificas.
1285 3047 1319 3101 et
1349 3058 1369 3099 a

163 3121 341 3205 temporali
368 3123 581 3188 tribulatione
598 3145 659 3188 nos
674 3127 773 3208 cripe.
789 3136 823 3188 et
838 3127 962 3207 gaudia
978 3126 1073 3187 nobis
1090 3135 1225 3187 aeterna
1242 3125 1367 3206 largire.

165 3230 223 3292 per
238 3210 413 3273 <lominum
431 3221 590 3277 nostrum.

700 3330 838 3396 Secreta.

206 3431 348 3516 Suscipe
377 3432 512 3497 domine
550 3435 747 3518 propitiatus
784 3435 910 3498 hostias
948 3435 1068 3516 quibus
1106 3444 1140 3498 et
1177 3443 1210 3497 te
1245 3433 1366 3516 placari

164 3520 307 3583 uoluisti.
323 3530 358 3583 et
381 3522 475 3584 nobis
499 3522 641 3585 salutem
665 3522 794 3605 potenti
818 3522 942 3604 pietate
966 3522 1101 3585 restitui.
1119 3543 1177 3605 per
1193 3522 1366 3584 dominum

163 3618 322 3670 nostrum

616 3802 621 3814 Ι
671 3728 857 3811 Praefatio.

205 3837 256 3901 ID
295 3845 429 3902 aeterne
465 3839 556 3903 deus.
614 3840 659 3904 Et
697 3862 757 3904 nos
794 3840 1006 3905 clementiam
1044 3849 1137 3904 tuam
1176 3841 1368 3923 suppliciter

162 3942 311 3987 exorare.
324 3935 361 3988 ut
377 3923 463 3989 filius
480 3936 556 3990 tuus
572 3927 660 3991 iesus
676 3927 818 3991 christus
834 3926 990 3990 dominus
1007 3937 1120 3990 noster
1128 3929 1200 4010 squi
1214 3927 1282 4010 [lol.
1293 3931 1365 4008 98v.

161 4032 196 4074 se
211 4030 319 4092 usque
344 4012 377 4073 in
402 4010 501 4075 finem
528 4015 652 4077 saeculi
676 4015 744 4077 suis
760 4015 911 4096 promisit
938 4013 1091 4076 fidelibus
1113 4015 1317 4078 adfuturum.
1333 4026 1367 4078 et

162 4099 370 4180 praesentiae
395 4101 573 4182 corporalis
599 4101 763 4182 mysteriis
794 4121 860 4163 non
892 4100 1031 4164 deserat.
1054 4120 1139 4181 quos
1161 4103 1311 4167 redemit.
1333 4113 1367 4166 et

160 4184 347 4248 maiestatis
362 4204 443 4249 suae
460 4185 626 4250 beneficiis
643 4208 709 4251 non
726 4187 899 4269 relinquat.

610 4315 675 4380 Ad
683 4315 911 4398 cmplendum.

204 4414 463 4481 inmortalitatis
478 4416 671 4482 alimoniam
687 4420 857 4483 consecuti
872 4438 1056 4502 quesumus
1071 4419 1213 4484 domIne.
1227 4430 1264 4484 ut
1275 4423 1366 4503 quod

155 4523 218 4568 ore
232 4503 453 4587 percepimus
469 4515 582 4570 mente
596 4514 769 4571 sectemur.
786 4526 854 4590 per.
