3046 5092
569 311 686 363 FERIA
711 312 749 362 II.
775 311 824 362 IN
843 311 961 361 ALBIS.

634 517 736 599 Infra
749 518 911 581 actrimem.

209 621 504 688 Communicantes
527 626 561 685 et
583 622 672 684 diem
689 623 948 685 sacratissimum
968 620 1191 685 caelebrantes
1214 641 1373 685 resurrec-

164 711 265 774 tionis
281 710 407 774 domini
423 711 476 773 dei
500 711 603 772 nostri
627 709 696 772 iesu
720 708 833 771 christi
856 709 1036 771 secundum
1060 729 1201 772 carnem.
1248 710 1314 773 Sed
1339 719 1372 772 et

166 799 361 860 memoriam
372 806 574 859 uenerantes
601 796 641 859 In
653 796 768 878 primis
780 796 943 878 gloriosae
958 816 1089 877 semper
1100 797 1236 878 uirginis
1249 796 1373 858 mariae

165 885 334 966 genitricis
349 884 505 947 eiusdem.

214 1081 313 1145 Hanc
330 1083 431 1164 igitur
445 1083 658 1147 oblationem.
674 1091 712 1144 ut
724 994 832 1164 ἔβα.

622 1210 686 1272 Ad
695 1209 919 1290 complendum.

214 1312 373 1396 Spiritum
405 1313 450 1376 in¹
482 1312 578 1377 nobis
607 1314 743 1376 domine
772 1322 849 1375 tuae
876 1313 1027 1376 karitatis
1054 1312 1198 1376 infunde.
1226 1322 1262 1377 ut
1291 1333 1376 1396 quos

169 1402 384 1551 {aeramentis
401 1399 611 1482 paschalibus
627 1400 762 1462 satiasti.
779 1410 837 1463 tua
860 1399 960 1462 iacias
975 1401 1098 1482 pietate
1114 1403 1302 1463 concordes.
1318 1421 1377 1483 per

192 1507 351 1550 ominum.

619 1598 799 1661 Benedictio
812 1599 930 1663 carnis.

215 1701 307 1766 Deus
322 1703 495 1765 uniuersae
510 1702 625 1765 carnis.
643 1701 724 1765 deus
739 1702 795 1783 qui
812 1722 875 1763 noe
898 1711 931 1764 et
954 1700 1030 1764 filiis
1052 1703 1120 1765 suis
1135 1702 1176 1765 de
1194 1703 1326 1766 mundis
1344 1713 1378 1766 et

171 1789 338 1852 inmundis
373 1789 573 1852 animalibus
611 1798 788 1870 praecepta
825 1789 953 1851 dedisti.
985 1790 1109 1871 quique
1146 1791 1229 1853 sicut
1265 1790 1378 1853 holera

171 1876 345 1939 herbarum
362 1872 513 1939 humani¹
528 1876 640 1958 generi
665 1875 894 1956 quadrupedia
911 1876 1036 1939 munda
1052 1875 1149 1939 edere
1174 1877 1378 1959 praecepisti.

172 1964 228 2045 qui
244 1983 368 2045 agnum
387 1965 419 2025 in
430 1972 577 2045 aegypto
590 1963 696 2043 moysi
707 1971 741 2024 et
754 1961 879 2043 populo
892 1970 950 2025 tuo
962 1964 995 2024 in
1009 1963 1121 2044 uigilia
1134 1964 1277 2045 paschae
1289 1983 1378 2026 corn·

170 2051 268 2113 edere
291 2051 495 2132 praecepisti.
511 2050 544 2111 in
561 2045 696 2130 sugura†
710 2048 836 2110 domini
853 2050 956 2111 nostri
981 2050 1048 2112 iesu
1066 2050 1185 2112 christi.
1196 2051 1288 2112 cuius
1303 2069 1379 2111 san·

169 2133 442 2218 guinemtomnia
452 2137 675 2219 primogenita
685 2135 745 2197 tibi
755 2136 797 2197 de
807 2135 934 2197 mundo
944 2134 1119 2199 redemisti.
1130 2147 1163 2198 et
1174 2137 1206 2197 in
1217 2147 1314 2198 nocte
1325 2136 1380 2198 illa

169 2243 270 2285 omne
293 2223 553 2304 primogenitum
575 2223 608 2284 in
629 2218 831 2303 aegyptum
846 2223 1043 2304 percussisti.
1059 2242 1195 2285 seruans
1218 2224 1378 2304 populum

170 2321 267 2373 tuum
294 2311 371 2392 agni
402 2310 564 2391 sanguine
584 2317 824 2390 praenotatum.
846 2308 984 2390 dignare
1010 2309 1144 2371 domine
1169 2311 1380 2390 omnipotens

171 2397 365 2460 benedicere
375 2407 408 2458 et
421 2394 626 2458 sanctificare
642 2395 702 2457 has
718 2415 840 2457 carnes.
853 2404 890 2457 ut
905 2396 1105 2476 quicumque
1116 2417 1158 2457 ex
1170 2396 1302 2478 populis
1314 2396 1380 2458 tuis

172 2483 324 2546 fidelibus
339 2482 552 2545 comederint.
569 2482 660 2544 omni
676 2482 909 2543 benedictione
924 2481 1065 2543 caelesti.
1079 2492 1112 2544 et
1123 2484 1231 2563 gratia
1242 2484 1379 2545 saturati

171 2570 361 2652 repleantur
378 2571 410 2632 in
428 2568 532 2632 nobis.
549 2588 721 2651 perquem
737 2567 819 2631 haec
835 2568 949 2630 omnia
963 2568 1108 2633 domine.

656 2679 719 2741 Ad
729 2689 903 2759 uesperum.

214 2784 371 2849 Concede
400 2802 582 2866 quesumus
606 2784 820 2865 omnipotens
850 2784 933 2846 deus
971 2792 1008 2846 ut
1038 2784 1094 2865 qui
1133 2785 1379 2848 resurrectionis

169 2872 357 2936 dominicae
373 2870 571 2951 sollempnia
587 2869 735 2931 colimus.
752 2870 968 2933 iunouationc
985 2871 1031 2934 tui
1045 2871 1179 2953 spiritus
1191 2872 1226 2953 sa
1239 2870 1293 2953 [fo.
1306 2888 1377 2950 74v.

170 2970 277 3023 morte
293 2959 425 3022 animae
441 2976 659 3038 resurgamus.
676 2976 741 3037 per.

678 3067 740 3130 Ad
748 3070 868 3148 sontes.

214 3175 350 3237 Praesta
379 3191 561 3254 quesumus
598 3169 811 3253 omnipotens
848 3172 930 3234 deus
965 3181 1001 3234 ut
1037 3171 1093 3253 qui
1133 3173 1378 3234 resurrectionis

167 3262 356 3324 dominicae
383 3258 581 3340 sollempnia
596 3257 743 3320 colimus.
760 3259 939 3340 ereptionis
962 3269 1094 3323 nostrae
1109 3261 1274 3342 suscipere
1287 3260 1379 3322 laeti·

167 3349 251 3411 tiam
269 3365 463 3409 mereamur.
480 3365 545 3428 per.

566 3448 598 3510 Α
602 3447 629 3509 d
637 3456 784 3509 sanctum
798 3447 829 3509 Α
836 3447 977 3510 ndream.

213 3552 349 3615 Praesta
364 3570 544 3633 quesumus
559 3552 771 3633 omnipotens
792 3551 881 3613 deus.
898 3561 935 3614 ut
961 3551 1017 3633 qui
1034 3553 1174 3634 gratiam
1191 3553 1377 3616 dominicae

165 3639 416 3705 resurrectionis
443 3638 649 3719 agnouimus.
675 3638 737 3718 ipsi
765 3657 897 3718 quoque
924 3658 982 3719 per
1011 3659 1159 3701 amorem
1193 3641 1327 3721 spiritus
1357 3663 1376 3702 a

166 3736 277 3790 morte
291 3727 423 3789 animae
439 3744 656 3807 resurgamus.
672 3744 732 3806 per
746 3725 919 3787 dominum
937 3735 1094 3788 nostrum.

557 3909 677 3974 Funus
700 3910 744 3974 ΙΙ.
768 3924 810 3973 1u
834 3909 987 3986 Amasi

213 4024 307 4087 Deus
337 4022 394 4105 qui
423 4021 670 4104 sollempnitate
694 4021 849 4102 paschali.
874 4025 1000 4087 mundo
1023 4024 1168 4087 remedia
1198 4024 1375 4088 contulisti.

160 4111 331 4198 populum
347 4121 441 4173 tuum
457 4129 637 4191 quesumus
652 4109 787 4171 domine
803 4110 935 4173 caelesti
958 4111 1049 4174 dono
1071 4131 1276 4193 prosequere.
1292 4124 1378 4175 utet

158 4198 350 4285 perfectam
376 4196 570 4261 libertatern.
594 4197 750 4276 consequi
779 4208 942 4260 mereatur
967 4209 1002 4262 et
1025 4199 1068 4261 ad
1095 4200 1198 4261 uitam
1226 4197 1375 4280 proficiat

155 4285 414 4369 sempiternam.
432 4303 498 4366 per.

300 4417 317 4455 ¹-
326 4420 382 4470 The
393 4421 461 4470 word
473 4421 503 4469 in
513 4420 559 4470 has
569 4419 632 4469 been
645 4435 676 4468 ex
694 4418 786 4483 unged,
800 4420 914 4487 perhaps
924 4422 958 4488 by
970 4421 1012 4473 the
1023 4422 1126 4487 original
1139 4422 1224 4473 scribe.

298 4483 311 4518 ²
327 4485 461 4537 Corre.ted
473 4495 499 4536 to
515 4486 626 4537 humano
637 4484 664 4537 in
707 4485 734 4536 S.
