3046 5092
394 336 510 388 uaso.
541 335 611 386 1111.
644 335 782 397 (11111111.
827 335 941 385 raam
970 335 1040 415 1111.
1287 348 1318 399 7⁷

565 590 689 677 (Super
694 592 857 674 populum.
1199 597 1252 680 [so.
1273 617 1320 679 52.

162 697 462 782 Depraecationem
480 706 626 760 nostram
650 717 831 779 quesumus
854 696 989 759 domine
1005 695 1168 780 benignus
1184 705 1318 768 exaudi.

117 797 151 849 et
167 787 289 867 quibus
304 784 513 867 supplicandi
530 794 679 867 praestas
702 782 866 847 aflectum.
884 783 991 846 tribue
1007 784 1207 850 defensionis
1222 791 1319 853 auxi·

118 873 211 936 lium.
226 893 286 955 per
300 872 484 936 dominum.

619 1091 737 1154 Fama
762 1089 827 1152 111.

165 1231 287 1296 Sacrae
309 1230 405 1294 nobis
428 1228 563 1293 domine
586 1248 766 1311 quesumus
789 1225 1030 1288 obseruationis
1054 1228 1182 1294 ieiunia.
1198 1242 1231 1294 et
1247 1235 1322 1316 piae

120 1319 382 1381 conuersationis
419 1325 645 1398 augmentum.
676 1325 709 1377 et
740 1325 817 1378 tuae
852 1315 1097 1395 propitiationis
1126 1321 1320 1384 continuum

119 1414 290 1488 praestent
305 1404 475 1467 auxilium.
492 1423 558 1484 per.

659 1519 795 1585 Secreta.

169 1628 265 1691 Haec
294 1625 403 1689 hostia
433 1625 569 1689 domine
599 1644 778 1706 quesumus
809 1624 967 1686 emundet
993 1635 1105 1688 nostra
1135 1628 1264 1694 delicta.
1289 1643 1323 1697 et

120 1713 318 1866 :qqrcitqqicuerp
335 1712 584 1882 pceqlebrandum
614 1709 823 1774 subditorum
863 1711 922 1773 tibi
961 1731 1099 1794 corpora
1130 1728 1324 1800 mentesque

636 1909 818 1988 Praefatio.

169 2012 219 2076 (D
250 2020 382 2074 aeterne
408 2009 499 2071 deus.
554 2008 616 2070 Per
647 2008 864 2070 mediatorem
888 2008 940 2071 dei
966 2018 999 2072 et
1023 2008 1194 2075 hominum
1219 2016 1323 2081 iesum

122 2099 284 2161 christum
306 2096 478 2161 dominum
503 2105 661 2157 nostrum.
707 2093 773 2176 Qui
799 2095 966 2157 mediante
991 2097 1044 2158 die
1068 2097 1152 2160 festo
1176 2106 1324 2167 ascendit

123 2187 157 2248 in
184 2183 360 2266 templum¹
387 2184 443 2265 qui
473 2183 517 2244 de
541 2181 633 2243 caelo
658 2181 829 2243 descendit
857 2183 1018 2244 mundum
1045 2183 1088 2245 ab
1119 2186 1324 2266 ignorantiae

125 2271 271 2336 tenebris
301 2271 447 2334 liberare.
491 2267 594 2333 Cuius
629 2269 808 2331 descensus
837 2287 941 2348 genus
968 2267 1150 2334 humanum
1175 2275 1326 2340 doctrina

124 2359 262 2422 salutari
288 2357 426 2419 instruit.
454 2375 543 2418 mors
570 2375 590 2417 a
616 2364 775 2437 perpetua
799 2363 905 2417 morte
935 2356 1082 2420 redemit.
1104 2363 1253 2425 ascensio
1282 2367 1324 2427 ad

123 2444 282 2509 caelestia
311 2463 413 2524 regna
442 2442 600 2525 perducit.
646 2440 708 2504 Per
737 2461 836 2522 quem
868 2450 901 2503 te
931 2463 1060 2506 summe
1091 2458 1185 2527 pater
1219 2453 1325 2531 posci-

124 2552 210 2595 mus.
241 2541 279 2594 ut
308 2531 379 2593 eius
409 2529 618 2592 institutione
654 2528 762 2591 edocti
801 2527 952 2590 salutaris
989 2531 1188 2611 parsimonie
1226 2538 1326 2601 deuo-

122 2619 216 2682 tione
231 2616 394 2700 purificati
410 2617 452 2679 ad
469 2626 527 2678 tua
537 2615 768 2697 perueniamus
784 2615 946 2695 promissa
960 2618 1073 2680 securi.
1089 2640 1272 2703 perquem.

604 2763 635 2825 A
639 2763 667 2825 d
676 2762 902 2844 complendum.

173 2870 284 2935 Huius
300 2889 361 2932 nos
376 2867 512 2931 domine
528 2869 697 2949 perceptio
720 2870 918 2932 sacramenti
943 2872 1113 2935 mundeta
1129 2875 1274 2942 crimine.
1294 2891 1327 2944 et

124 2959 171 3023 ad
187 2957 344 3021 caelestia
359 2975 461 3038 regna
476 2954 643 3036 perducat.
660 2973 725 3035 per.

584 3089 691 3171 Super
710 3091 874 3171 populum.

172 3193 332 3256 Miserere
361 3190 497 3255 domine
534 3189 659 3270 populo
697 3199 764 3252 tuo.
794 3200 827 3252 et
858 3192 1022 3256 continuis
1060 3196 1328 3267 tribulationibus

126 3280 338 3346 laborantem
354 3277 516 3360 propitius
531 3277 692 3359 respirare
707 3278 860 3340 concede.
873 3299 932 3359 per
946 3280 1118 3345 dominum
1136 3298 1293 3353 nostrum.

621 3469 739 3532 Fama
757 3469 839 3532 1111.

174 3602 285 3688 lDeus
300 3600 356 3683 qui
372 3609 406 3663 et
423 3598 517 3662 iustis
533 3597 681 3680 praemia
692 3597 884 3659 meritorum
895 3608 928 3661 et
939 3604 1167 3679 peccatoribus
1188 3606 1242 3689 [so.
1259 3623 1328 3689 52v.

127 3710 191 3774 per
206 3689 364 3753 ieiunium
381 3687 512 3749 ueniam
530 3683 675 3767 praebes.
688 3684 840 3746 miserere
856 3686 1060 3766 supplicibus
1077 3692 1150 3753 tuis.
1168 3704 1204 3756 ut
1221 3707 1330 3761 reatus

126 3776 236 3928 gostri
262 3772 426 3837 consessio
457 3771 699 3852 indulgentiam
726 3770 836 3833 ualeat
860 3773 1027 3855 percipere
1052 3776 1255 3845 delictomm.
1272 3805 1330 3867 per

154 3881 307 3927 ominum
323 3870 482 3923 nostrum.

692 3961 783 4024 ΑΙία.

176 4070 313 4133 Praesta
342 4085 522 4149 quesumus
548 4064 761 4148 omnipotens
791 4065 873 4128 deus
900 4077 936 4131 ut
960 4089 1043 4151 quos
1066 4071 1187 4137 ieiunia
1216 4077 1331 4142 uotiua

127 4157 310 4238 castigant.
341 4154 412 4236 ipsa
448 4171 581 4235 quoque
615 4152 751 4215 deuotio
788 4163 903 4216 sancta
941 4154 1102 4222 laetificet.
1128 4169 1164 4223 ut
1194 4167 1331 4228 terrenis

125 4242 308 4309 aflectibus
337 4240 505 4323 mitigatis.
529 4237 656 4302 facilius
686 4238 840 4302 caelestia
866 4241 1043 4323 capiamus.
1074 4265 1133 4326 per
1158 4247 1331 4316 dominum

124 4340 291 4397 nostrum.

459 4500 468 4534 ¹
486 4504 568 4570 space
578 4501 623 4555 leit
633 4502 668 4569 by
678 4517 776 4554 musore
787 4502 817 4554 oi
829 4519 844 4552 a
855 4503 902 4554 sen
914 4506 1005 4558 letters
