3046 5092
449 278 563 328 HEBD.
594 278 648 329 III.
678 274 835 341 QUAM*
866 279 982 330 FERIA
1014 279 1058 330 Vl.

601 474 726 557 [Super
730 473 922 557 ppulumff]

199 588 353 656 Concede
367 606 547 670 quesumus
563 587 776 669 omnipotens
792 586 875 650 deus
897 595 935 648 ut
957 583 1014 667 qui
1038 584 1254 668 protectionis
1276 593 1355 649 tuae

154 679 295 762 gratiam
310 676 507 757 quaerimus.
525 672 653 736 liberati
679 695 698 736 a
722 672 819 736 malis
841 673 998 736 omnibus
1020 693 1135 736 secura
1157 672 1217 736 tibi
1241 682 1354 737 mente

155 764 346 828 semiamus
362 781 421 844 per
437 761 620 824 dominum.

668 923 785 986 Ferus
796 923 839 988 V.

199 1058 393 1143 magnificet
413 1069 449 1122 te
470 1058 605 1123 domine
627 1069 820 1123 sanctorum
841 1069 974 1123 tuomm
997 1078 1130 1122 cosmae
1153 1068 1186 1121 et
1205 1057 1353 1121 damiani

153 1145 373 1229 sollemptasl
393 1148 472 1227 quia
497 1157 531 1210 et
556 1146 619 1208 illis
645 1146 785 1228 gloriam
814 1148 1057 1228 sempiternam.
1073 1155 1107 1208 et
1133 1165 1233 1227 opem
1259 1145 1355 1208 nobis

156 1233 312 1301 ineffabili
328 1234 537 1318 prouidentia
552 1234 730 1297 contulisti.
747 1254 806 1317 per
816 1234 989 1297 dominum
1006 1243 1164 1296 nostrum.

690 1369 828 1434 Secreta.

202 1482 241 1548 In
278 1492 409 1545 tuorum
448 1481 583 1544 domine
618 1483 782 1564 praetiosa
821 1490 927 1545 morte
957 1481 1126 1544 iustorum.
1156 1477 1353 1542 sacrificium

156 1570 237 1635 illud
266 1568 441 1633 offerimus.
458 1569 500 1631 de
524 1589 592 1651 quo
623 1570 817 1652 martyrium
848 1570 991 1651 sumpsit
1016 1587 1115 1631 omne
1145 1566 1355 1649 principium.

157 1678 224 1743 per.

645 1759 825 1839 Praefatio.

200 1872 250 1937 (D
266 1878 398 1934 aeterne
427 1871 517 1934 deus.
564 1871 608 1933 Et
639 1880 730 1934 tuam
756 1873 952 1936 immensam
980 1869 1189 1933 clementiam
1214 1868 1356 1951 supplici

158 1970 239 2023 uoto
267 1957 454 2039 deposcere.
485 1967 521 2019 ut
552 1977 612 2020 nos
643 1958 785 2021 famulos
815 1970 890 2023 tuos
920 1968 953 2021 et
984 1958 1094 2021 ieiunii
1132 1957 1356 2019 maceratione

156 2045 343 2127 castigatos.
360 2054 393 2106 et
415 2045 553 2106 caeteris
576 2045 738 2107 bonorum
762 2066 899 2128 operum
923 2044 1185 2108 exhibitionibus
1207 2043 1356 2106 eruditos

158 2134 190 2197 iu
222 2130 388 2194 mandatis
419 2132 484 2193 tuis
514 2130 615 2193 iacias
646 2152 856 2213 perseuerare
886 2133 1030 2194 sinceros
1056 2131 1156 2193 etad
1185 2128 1356 2211 paschalia

157 2219 241 2284 festa
271 2218 433 2300 peruenit²
464 2217 612 2280 inlaesos.
674 2218 796 2300 Sicque
834 2219 1061 2301 praesentibus
1091 2216 1246 2280 subsidiis
1277 2236 1356 2279 con-

157 2306 308 2369 solemur.
338 2305 494 2386 quatinus
532 2305 574 2367 ad
612 2314 748 2368 aeterna
777 2306 901 2388 gaudia
937 2306 1123 2388 pertingere
1161 2323 1356 2366 mereamur.

157 2413 217 2477 per
230 2392 389 2455 christum
405 2391 579 2455 dominum
596 2401 756 2456 nostrum.

604 2529 666 2590 Ad
683 2529 908 2611 corrutlendum.

200 2642 251 2707 Sit
277 2641 372 2703 nobis
402 2641 538 2702 domine
567 2643 764 2704 sacramenti
796 2643 844 2705 tui
874 2652 964 2704 certa
988 2641 1137 2704 saluatio
1162 2662 1248 2723 quae
1279 2662 1356 2704 cum

157 2731 328 2795 beatorum
346 2739 529 2808 martyrum
546 2738 678 2791 tuorum
695 2750 828 2792 cosmae
844 2740 877 2792 et
893 2730 1038 2792 damiani
1055 2731 1179 2793 meritis
1201 2729 1358 2811 implora·

155 2831 215 2883 tur.
232 2836 298 2898 per.

620 2919 727 3000 Super
732 2921 897 3001 populum.

198 3031 392 3098 Subiectum
423 3030 483 3093 tibi
514 3031 675 3113 populum
701 3053 880 3113 quesumus
907 3033 1042 3094 domine
1068 3031 1261 3113 propitiatio
1283 3054 1357 3097 cae·

154 3122 243 3185 lestis
274 3117 461 3200 amplificet.
493 3130 526 3181 et
556 3120 621 3181 tuis
651 3140 782 3202 semper
810 3119 910 3182 saciat
941 3122 1062 3181 seruire
1093 3121 1268 3184 mandatis.
1300 3143 1359 3203 per

153 3208 325 3272 ‹loininuin
343 3216 500 3267 nostrum.

645 3373 778 3457 [Furem
802 3373 862 3437 Vl.
1211 3374 1267 3456 [io.
1288 3391 1358 3454 sor.

200 3488 324 3554 Ieiunia
349 3497 462 3549 nostra
482 3506 662 3567 quesumus
687 3489 821 3550 domine
847 3487 992 3569 benigno
1017 3487 1129 3549 fauore
1148 3508 1357 3568 prosequere.

154 3590 190 3643 ut
205 3579 290 3641 sicut
306 3576 349 3639 ab
365 3576 532 3637 alimentis
548 3575 580 3635 in
598 3595 742 3656 corpore.
760 3577 805 3636 ita
829 3595 849 3636 a
871 3576 961 3637 uitiis
985 3574 1167 3636 ieiunemus
1183 3576 1216 3636 in
1234 3586 1356 3638 mente.

155 3688 220 3751 per.

691 3765 830 3828 Secreta.

198 3879 338 3962 Respice
355 3877 490 3940 domine
506 3878 668 3960 propitius
685 3878 727 3940 ad
746 3897 881 3939 munera
902 3897 987 3958 quae
1004 3897 1179 3940 sacramus.
1193 3886 1230 3940 ut
1244 3888 1281 3941 et
1298 3879 1358 3942 tibi

153 3980 247 4053 gruta
263 3969 337 4030 sint.
353 3977 386 4028 et
403 3967 497 4027 nobis
514 3966 672 4029 salutaria
687 3985 819 4047 semper
834 3965 990 4027 existant.
1007 3985 1071 4046 per.

665 4101 846 4183 Praefatio.

195 4220 245 4283 ii)
277 4237 335 4300 per
361 4215 521 4279 christum
549 4214 724 4278 dominum
751 4223 910 4278 nostrum.
956 4213 1022 4296 Qui
1051 4214 1093 4276 ad
1118 4214 1357 4280 insinuandum

151 4306 346 4373 luuuilitatis
363 4325 441 4367 suae
459 4304 653 4385 mysterium
678 4302 838 4384 fatigatus
862 4301 982 4365 resedit
999 4302 1040 4364 ad
1058 4312 1205 4384 puteum.
1252 4304 1319 4387 Qui
1337 4327 1357 4367 a

315 4464 322 4497 ¹
342 4467 460 4533 lleading
471 4468 576 4518 omitted
590 4467 615 4518 in
630 4467 687 4518 MS.
951 4462 962 4496 ²
979 4467 1029 4517 For
1036 4468 1179 4532 peruenire.
