3046 5092
151 236 184 295 46
609 236 742 286 CANON
754 236 900 286 MISSAE.

159 400 187 456 ÷
206 386 383 469 ascriptam
403 398 432 456 ÷
451 396 557 450 ratam
580 386 810 450 rationabilem
828 385 1134 468 acceptabilemque
1159 384 1267 448 facere
1286 382 1360 463 dig·

153 474 247 536 neris.
264 484 299 536 ut
317 474 413 536 nobis
429 494 548 556 corpus
563 484 597 535 et
612 475 747 556 sanguis
763 471 821 536 fiat
845 473 1050 537 dilectissimi
1076 472 1133 536 filii
1157 472 1206 536 tui
1230 469 1360 533 domini

152 560 205 623 dei
222 560 290 622 iesu
306 561 427 624 christi.

197 645 264 727 Qui
280 649 385 729 pridie
401 668 502 729 quam
520 656 688 729 pateretur
702 647 831 728 accepit
851 667 973 728 panem
990 648 1022 710 in
1039 656 1172 709 sanctas
1188 665 1226 708 ac
1243 663 1359 706 uener-

153 734 256 796 abiles
273 754 390 796 manus
406 755 482 796 suas
499 733 637 796 eleuatis
652 733 755 796 oculis
771 735 804 795 in
821 733 949 796 caelum
975 735 1017 797 ad
1045 743 1078 796 te
1102 736 1202 797 deum
1229 741 1358 814 patrem

154 840 250 882 suum
276 822 542 902 omnipotentem
570 821 629 883 tibi
655 821 778 902 gratias
803 840 907 900 agens
934 820 1109 883 benedixit
1140 818 1238 901 fregit
1264 816 1359 882 dedit

153 907 322 988 discipulis
332 909 399 969 suis
409 909 530 970 dicens.
562 907 715 988 Accipite
724 916 758 969 et
769 908 968 970 manducate
978 927 1023 970 ex
1032 906 1097 969 hoc
1106 926 1222 969 omnes
1235 904 1300 967 hoc
1309 913 1361 966 est

154 996 242 1055 enim
273 1015 392 1075 corpus
424 1015 544 1057 meum.
590 993 697 1058 Simili
726 994 827 1056 modo
858 1004 1097 1076 posteaquam
1125 1002 1280 1055 cenatum
1308 1001 1361 1052 est

155 1081 319 1161 accipiens
334 1093 368 1143 et
384 1081 472 1144 hunc
489 1078 710 1163 praeclaram†
724 1079 860 1143 calicem
877 1081 910 1143 in
934 1090 1067 1143 sanctas
1090 1100 1129 1143 ac
1152 1078 1360 1142 uenerabiles

155 1187 272 1229 manus
299 1188 384 1231 suas.
400 1169 478 1230 item
504 1168 564 1230 tibi
590 1168 714 1248 gratias
741 1187 852 1249 agens.
874 1167 1057 1231 benedixit.
1072 1168 1165 1230 dedit
1189 1164 1362 1247 discipulis

153 1254 221 1316 suis
247 1255 369 1317 dicens
415 1255 569 1336 Accipite
584 1265 618 1317 et
633 1253 738 1317 bibite
752 1275 796 1316 ex
813 1274 853 1316 eo
868 1275 993 1318 omnes.
1009 1253 1062 1316 hic
1086 1263 1137 1316 est
1163 1253 1253 1315 enirn
1270 1252 1361 1314 calix

153 1342 323 1421 sanguinis
349 1340 428 1424 meis
455 1343 532 1403 noui
556 1355 590 1403 et
620 1341 745 1404 aeterni
770 1341 960 1404 testamenti
986 1341 1181 1422 mysterium
1207 1339 1264 1421 [so.
1288 1339 1385 1418 28ν.Ι

154 1427 239 1490 fidei.
266 1429 322 1509 qui
347 1448 413 1509 pro,
434 1428 529 1490 uobis
560 1438 593 1490 et
623 1449 684 1509 pro
711 1428 824 1490 multis
850 1427 1039 1492 effundetur
1065 1429 1097 1490 in
1129 1427 1360 1490 remissionem

152 1524 374 1596 peccatorum.
420 1514 515 1578 Haec
539 1515 812 1597 quotiescumque
840 1513 989 1580 feceritis.
1012 1515 1045 1577 in
1071 1515 1136 1578 mei
1163 1513 1360 1577 memoriam

153 1601 288 1664 facietis,

200 1689 298 1752 Unde
309 1699 342 1750 et
359 1708 523 1750 memores
539 1708 654 1750 sumus
669 1689 805 1751 domine
821 1708 882 1750 nos
897 1689 945 1752 tui
961 1688 1056 1751 serui.
1072 1689 1131 1751 sed
1147 1696 1181 1750 et
1196 1686 1293 1768 plebs
1302 1697 1361 1750 tua

154 1785 269 1837 sancta
299 1775 446 1837 eiusdem
478 1775 591 1837 christi
622 1774 679 1837 filii
704 1776 752 1838 tui
779 1775 904 1838 domini
932 1775 985 1837 dei
1013 1776 1115 1837 nostri
1142 1784 1213 1837 tam
1239 1775 1360 1837 beatae

152 1863 323 1943 passionis,
347 1882 475 1924 necnon
499 1872 533 1924 et
557 1861 599 1924 ab
622 1860 733 1924 inferis
757 1863 1012 1925 resurrectionis.
1035 1862 1094 1924 sed
1125 1871 1158 1924 et
1189 1861 1222 1923 in
1246 1860 1358 1924 caelos

152 1948 316 2030 gloriosae
331 1951 532 2011 ascensionis
548 1948 718 2011 offerimus
733 1948 920 2031 praeclarae
936 1949 1102 2012 maiestati
1125 1958 1204 2011 tuae
1226 1949 1270 2011 de
1293 1949 1359 2010 tuis

154 2035 250 2098 donis
267 2056 305 2097 ac
321 2036 408 2098 datis
426 2036 626 2105 H÷ostiam
643 2055 760 2118 puram
780 2034 967 2103 h÷ostiam
993 2045 1143 2098 sanctam
1168 2034 1359 2104 h÷ostiam

154 2122 399 2185 inmaculatam.
415 2142 536 2204 panem
561 2133 713 2185 sanctum
738 2123 828 2186 uitae
852 2134 1006 2186 aeternae
1029 2131 1063 2185 et
1087 2122 1225 2185 calicem
1241 2121 1359 2186 salutis

154 2219 342 2291 perpetuae.
388 2209 497 2291 Supra
512 2229 598 2291 qnae
614 2210 759 2291 propitio
781 2230 821 2271 ac
843 2230 960 2272 sereno
982 2209 1078 2272 uultu
1101 2210 1264 2291 respicere
1286 2209 1359 2292 dig·

154 2297 240 2358 neris
256 2305 289 2358 et
304 2306 441 2377 accepta
456 2296 578 2359 habere
593 2297 687 2360 sicuti
709 2306 847 2378 accepta
861 2296 983 2360 habere
997 2297 1155 2379 dignatus
1170 2316 1205 2358 es
1222 2315 1361 2359 munera

154 2383 247 2463 pueri
263 2384 310 2445 tui
327 2384 402 2445 iusti
428 2382 501 2446 abel
528 2392 562 2445 et
585 2382 783 2445 sacrificium
807 2382 1013 2466 patriarchae
1038 2383 1141 2446 nostri
1165 2382 1313 2446 abrahae
1327 2392 1361 2446 et

155 2470 244 2550 quod
261 2469 321 2531 tibi
338 2469 458 2532 obtulit
483 2490 633 2532 summus
656 2471 810 2533 sacerdos
834 2480 910 2533 tuus
938 2468 1180 2533 melchisedech
1205 2480 1359 2533 sanctum

155 2555 349 2618 sacrificium
367 2557 601 2618 inmaculatam
619 2556 770 2619 hostiam.

200 2643 374 2724 Supplices
391 2655 423 2705 te
439 2663 594 2723 rogamus
615 2643 827 2724 omnipotens
843 2644 924 2706 deus
941 2643 1016 2707 iube
1039 2643 1120 2705 haec
1143 2642 1279 2725 perferri
1303 2663 1362 2726 per

157 2750 275 2791 manus
301 2731 407 2791 sancti
433 2730 541 2811 angeli
570 2731 617 2791 tui
643 2732 675 2791 in
703 2731 844 2793 sublime
872 2731 976 2793 altare
1000 2741 1093 2793 tuum
1120 2731 1153 2791 in
1177 2741 1358 2813 conspectu

156 2817 288 2878 diuinae
306 2818 488 2878 maiestatis
504 2828 588 2879 tuae.
606 2829 642 2879 ut
655 2828 820 2898 quotquot
836 2839 879 2879 ex
896 2818 958 2880 hac
975 2817 1086 2880 altaris
1106 2817 1360 2900 participatione

155 2915 400 2966 sacrosanctum
426 2903 482 2964 filii
506 2905 552 2966 tui
579 2925 697 2986 corpus
725 2914 757 2966 et
782 2906 976 2986 sanguinem
1004 2905 1243 2986 sumpserimus
1269 2905 1359 2967 omni

156 2992 387 3053 benedictione
403 2990 535 3053 caelesti
552 3003 585 3053 ct
601 2992 708 3073 gratia
725 2991 917 3072 repleamur.
934 3012 992 3073 per
1008 2991 1166 3054 christum
1184 2992 1359 3054 dominum

156 3088 314 3138 nostrum.

201 3164 374 3225 Memento
405 3165 468 3225 mei
499 3184 602 3243 queso
633 3165 768 3227 domine
792 3176 825 3227 et
853 3166 1006 3227 miserere
1030 3165 1106 3227 licet
1136 3164 1219 3227 haec
1244 3174 1361 3228 sancta

157 3251 313 3331 indignae
347 3250 406 3312 tibi
445 3261 580 3312 sanctae
611 3262 706 3332 pater
735 3253 947 3334 omnipotens
978 3263 1132 3314 aeternae
1163 3251 1247 3314 deus
1279 3253 1361 3314 meis

155 3338 307 3398 manibus
323 3337 506 3400 offeruntur
520 3337 679 3400 sacrificia
691 3340 747 3419 qui
765 3360 824 3401 nec
839 3338 1008 3422 sinuocare
1018 3350 1169 3402 sanctum
1182 3359 1219 3400 ac
1239 3337 1295 3421 [fo.
1312 3356 1362 3417 29.

157 3424 343 3486 uenerabile
360 3445 481 3486 nomen
492 3434 586 3486 tuum
600 3426 721 3505 dignus
733 3447 814 3487 sum.
828 3428 884 3488 sed
897 3427 1053 3507 quoniam
1066 3427 1098 3488 in
1111 3424 1237 3488 honore
1254 3426 1362 3489 laudis

155 3522 188 3572 et
206 3512 363 3572 memoria
374 3512 599 3592 gloriosissimi
617 3512 794 3593 dilectique
811 3512 867 3574 filii
884 3514 932 3576 tui
956 3513 1082 3575 domini
1099 3512 1151 3575 dei
1170 3513 1274 3575 nostri
1291 3515 1361 3575 iesu

157 3598 267 3659 christi
295 3597 475 3660 offerantur
490 3598 574 3661 sicut
596 3600 766 3661 incensum
783 3601 816 3661 in
832 3610 1012 3681 conspectu
1028 3600 1161 3662 diuinae
1177 3601 1364 3662 maiestatis

157 3696 234 3746 tuae
250 3705 324 3745 cum
342 3686 444 3746 odore
460 3686 635 3748 suauitatis
651 3686 900 3762 accendanturl
918 3709 977 3769 per
1001 3688 1160 3750 christum
1185 3687 1363 3750 dominum

156 3782 314 3834 nostrum.

201 3859 373 3920 Memento
390 3860 488 3921 etiarn
506 3859 641 3920 domine
656 3870 689 3921 et
704 3880 818 3922 eorum
836 3863 973 3923 nomina
995 3861 1051 3943 qui
1075 3881 1135 3922 nos
1159 3880 1364 3943 praecesser-

157 3954 217 4006 unt
246 3965 320 4006 cum
348 3947 444 4025 signo
475 3945 551 4007 fidei
581 3958 615 4009 et
645 3948 815 4010 dormiunt
845 3949 877 4010 in
903 3969 1022 4010 somno
1052 3948 1152 4029 pacis.
1179 3947 1225 4010 ill.
1275 3949 1364 4031 Ipsis

156 4032 290 4092 domine
306 4043 339 4093 et
354 4032 509 4094 omnibus
526 4035 557 4094 in
575 4033 697 4095 christo
712 4034 919 4114 quientibusl
931 4036 1039 4098 locum
1057 4032 1214 4116 refrigerii
1232 4035 1316 4098 lucis
1332 4045 1365 4098 et

157 4119 247 4198 pacis
270 4131 306 4180 ut
330 4119 502 4200 indulgeas
519 4120 742 4201 deprecamur.
759 4143 817 4203 per
832 4122 991 4184 christum
1010 4121 1184 4185 dominum
1202 4133 1364 4185 nostrum.

159 4204 263 4266 Nobis
280 4226 412 4287 quoque
431 4207 658 4287 peccatoribus
675 4207 807 4270 famulis
830 4210 894 4271 tuis
918 4210 959 4271 de
984 4207 1199 4271 multitudine
1228 4211 1364 4272 misera·

156 4293 283 4353 tionum
295 4304 424 4354 tuarum
442 4295 650 4375 sperantibus
667 4306 795 4376 partem
809 4296 953 4378 aliquam
971 4307 1004 4359 et
1020 4297 1216 4359 societatem
1238 4297 1365 4359 donare

155 4378 299 4459 digneris
322 4401 397 4442 cum
425 4382 490 4443 tuis
514 4382 637 4443 sanctis
662 4383 822 4464 apostolis
838 4394 872 4448 et
888 4384 1090 4466 martyribus
1106 4403 1182 4446 cum
1211 4382 1366 4447 Iohanne
