3046 5092
514 358 655 411 MISSAE
675 360 749 411 PRO
770 358 995 412 DEFUNcrra
1307 374 1357 427 309

662 512 843 595 Praefatio.

201 624 252 688 (D
275 632 408 687 aeterne
432 625 523 688 deus.
569 623 637 707 Qui
661 625 757 688 nobis
793 626 826 688 in
859 626 982 691 christo
1006 628 1178 711 unigenito
1202 629 1270 693 filio
1296 640 1354 694 tuo

156 711 295 774 domino
310 719 424 774 nostro
438 731 533 793 spem
548 711 667 774 beatae
682 710 943 795 ressurrectionis
958 715 1156 779 concessisti.
1188 715 1244 798 [so.
1261 734 1354 780 222v.

157 806 270 880 presta
284 817 465 879 quesumus
487 806 525 862 ut
539 798 671 861 animae
692 819 754 881 pro
768 799 888 881 quibus
911 800 974 862 hoc
990 799 1186 865 sacrificium
1203 805 1353 886 redemp-

156 885 256 948 tionis
272 894 404 947 nostrae
421 894 499 947 tuae
520 882 689 948 offerimus
713 887 886 949 maiestati.
909 888 952 950 ad
976 886 1094 951 beatae
1110 892 1354 954 resurrectionis

157 972 304 1120 rqquiem
320 982 354 1034 te
370 972 546 1035 miserante
561 992 636 1036 cum
660 974 784 1035 sanctis
807 974 872 1036 tuis
895 975 1067 1055 peruenire
1083 985 1278 1041 mereantur.
1294 998 1354 1060 per

156 1078 174 1121 c
200 1059 324 1121 ristum.

611 1169 674 1233 Ad
683 1171 907 1252 conplendum.

203 1281 316 1344 Presta
330 1301 511 1363 quesumus
539 1280 721 1345 misericors
747 1284 836 1345 deus.
863 1293 899 1346 ut
926 1283 1057 1347 animae
1081 1305 1141 1366 pro
1155 1285 1275 1366 quibus
1290 1286 1353 1349 hoc

156 1366 352 1431 sacrificium
370 1367 476 1431 laudis
504 1378 581 1431 tuae
607 1366 775 1431 offerimus
803 1370 975 1433 maiestati.
1003 1391 1062 1452 per
1085 1372 1181 1435 huius
1197 1373 1352 1436 uirtutem

157 1456 364 1517 sacramenti.
406 1475 426 1517 a
459 1455 603 1536 peccatis
639 1456 793 1517 omnibus
828 1457 984 1538 expiatae
1009 1456 1089 1520 lucis
1114 1468 1294 1540 perpetuae
1320 1470 1353 1524 te

158 1542 336 1605 miserante
351 1541 511 1623 recipiant
527 1541 776 1605 beatitudinem.
792 1562 858 1624 per.

707 1752 814 1817 Aura

200 1882 390 1946 Animabus
434 1903 614 1966 quesumus
667 1883 802 1945 domine
847 1882 1045 1947 famulorum
1093 1884 1356 1966 famularumque

156 1980 290 2034 tuarum
315 1971 571 2034 misericordiam
603 1970 749 2032 concede
779 1981 982 2053 perpetuam.
1010 1983 1047 2035 ut
1070 1972 1117 2034 eis
1144 1970 1294 2053 proficiat
1322 1972 1353 2033 in

155 2067 329 2121 aeternum
345 2058 434 2139 quod
452 2058 483 2119 in
501 2065 534 2119 te
550 2067 766 2139 speraueruut
781 2067 815 2120 et
831 2057 1048 2121 crediderunt.
1065 2079 1124 2140 per
1138 2059 1319 2122 dominum.

691 2193 827 2257 Secreta.

205 2307 269 2370 His
283 2327 463 2388 quesumus
480 2307 614 2369 domine
630 2306 781 2388 placatus
798 2305 933 2369 intende
949 2304 1146 2369 muneribus.
1163 2315 1197 2369 et
1213 2306 1302 2388 quod
1313 2306 1356 2368 ad

156 2393 290 2457 laudem
322 2394 369 2457 tui
400 2393 543 2456 nominis
574 2393 797 2475 supplicantes
835 2392 1010 2455 offerimus,
1041 2392 1083 2455 ad
1115 2392 1355 2474 indulgentiam

155 2478 309 2565 proficiat
324 2480 567 2544 defunctorum.
584 2500 649 2562 per.

612 2615 643 2678 A
647 2615 675 2678 d
684 2614 908 2697 coarguendum.

203 2727 378 2811 Supplices
401 2728 537 2791 domine
566 2748 627 2810 pro
658 2725 832 2789 animabus
860 2726 1060 2789 famulorum
1092 2725 1356 2807 famularumque

155 2824 290 2879 tuarum
316 2835 450 2897 praeces
466 2813 669 2878 effundimus
684 2824 843 2895 petentes.
867 2823 904 2876 ut
927 2813 1082 2895 quicquid
1107 2814 1357 2877 conuersatione

155 2911 397 2965 contraxerunt
412 2904 561 2964 humana
575 2911 609 2964 et
624 2900 804 2963 clementer
820 2899 1001 2981 indulgeas.
1025 2911 1058 2963 et
1081 2901 1113 2962 in
1130 2911 1262 2964 tuorum
1278 2900 1356 2963 sede

155 2989 354 3052 laetantium
370 2990 554 3052 constituas
571 2989 826 3070 redemptorum.
843 3007 902 3069 per
917 2987 1099 3051 dominum.

646 3185 743 3248 Isau
769 3184 873 3247 Arm

203 3314 295 3377 Deus
311 3313 363 3375 cui
380 3314 550 3396 proprium
567 3324 618 3376 est
634 3314 779 3376 misereri
795 3323 829 3376 et
845 3333 979 3395 praeces
994 3312 1153 3376 exaudire
1168 3310 1356 3394 supplican-

155 3399 249 3463 tium.
267 3400 446 3482 propitiare
462 3398 638 3462 animabus
654 3400 853 3463 famulorum
871 3399 1136 3480 famularumque
1151 3408 1293 3462 tuarum.
1309 3396 1356 3459 ill.

156 3495 195 3549 ut
217 3496 251 3549 te
275 3486 454 3549 miserante
476 3507 496 3548 a
521 3497 731 3569 peccatorum
764 3486 904 3549 uinculis
926 3486 1120 3570 [absolutae.
1144 3486 1187 3548 ad
1211 3484 1267 3567 [fu.
1284 3499 1356 3562 223.

157 3582 311 3636 aeternae
326 3572 542 3636 beatitudinis
559 3574 705 3655 requiem
723 3574 895 3656 peruenire
912 3582 1107 3635 mereantur.
1123 3592 1189 3653 per.

690 3710 827 3772 Suam.

204 3820 344 3883 Hostias
371 3820 432 3883 tibi
457 3822 591 3883 domine
616 3820 732 3883 humili
756 3820 944 3902 placatione
968 3840 1028 3901 pro
1050 3818 1225 3882 animabus
1252 3817 1356 3880 lamu-

156 3907 263 3971 lorum
294 3906 559 3989 famularumque
575 3918 715 3970 tuarum.
739 3907 784 3971 ill.
808 3906 994 3971 deserimus.
1011 3916 1047 3969 ut
1070 3926 1129 3988 per
1143 3905 1226 3967 haec
1242 3903 1357 3967 salutis

156 4004 290 4057 nostrae
312 3993 481 4057 sacrificia.
505 4005 699 4076 perpetuam
731 4004 808 4057 tuae
831 3991 1073 4058 benedictionis
1097 3991 1355 4055 misericordiam

157 4090 412 4162 consequantur.
431 4101 489 4162 per
504 4081 687 4143 dominum.

610 4209 642 4271 Α
646 4208 673 4271 d
683 4208 907 4291 complendum.

201 4320 329 4383 Diuina
365 4319 507 4383 libantes
543 4329 751 4383 sacramenta
788 4320 935 4382 concede
978 4337 1159 4400 quesumus
1203 4328 1239 4381 ut
1275 4316 1358 4379 haec

156 4407 318 4489 mysteria
347 4406 445 4470 nobis
477 4404 649 4489 proficiant
671 4407 715 4468 ad
737 4405 880 4469 salutem
903 4415 937 4468 et
960 4405 1135 4468 animabus
1158 4424 1219 4487 pro
1237 4404 1358 4485 quibus

155 4503 252 4559 tuam
267 4495 485 4576 deprecamur
499 4492 720 4557 clementiam.
736 4493 864 4576 prosint
879 4493 922 4556 ad
938 4491 1189 4572 indulgentiam.
1204 4511 1272 4574 per.
