3046 5092
152 290 204 345 228
420 292 461 345 11.
489 292 577 345 m
607 290 694 345 DE'C.
723 290 813 343 m
841 290 870 343 S.
899 290 1100 343 Attonsae.

688 468 829 537 Secreta

201 581 344 647 Munera
364 584 502 648 domine
522 582 584 648 tibi
608 581 721 649 dicata
741 580 922 648 sanctifica.
943 591 980 646 et
1009 581 1245 647 intercedente
1267 580 1368 645 beato

158 670 331 821 {amenino
361 679 507 753 martyre
535 678 596 735 tuo
625 690 685 755 per
713 669 832 735 eadem
863 690 926 735 nos
955 670 1110 754 placatus
1139 669 1290 733 intende
1313 686 1372 751 per

183 775 343 821 ominum.

673 877 856 959 Praefatio.

182 974 257 1041 'OE
282 994 342 1059 per
364 974 524 1041 christum
550 976 727 1041 dominum
756 984 916 1041 nostrum.
962 973 1066 1041 Cuius
1094 974 1207 1058 gratia
1232 974 1368 1040 beatum

161 1063 370 1127 saturninum
396 1063 430 1126 in
460 1063 683 1129 sacerdotium
707 1063 817 1147 elegit
848 1062 1000 1128 doctrina
1028 1062 1073 1127 ad
1103 1062 1369 1146 praedicandum

161 1149 291 1213 erudiit
306 1150 458 1233 potentia
480 1150 524 1214 ad
540 1152 820 1233 perseuerandum
835 1148 1053 1215 confirmauit
1068 1157 1107 1213 ut
1130 1168 1194 1233 per
1214 1149 1369 1215 sacerdo-

162 1234 264 1301 talem
295 1235 434 1301 insulam
467 1238 654 1320 perueniret
685 1237 728 1301 ad
767 1236 917 1319 martyrii
947 1235 1104 1319 palmam.
1167 1234 1370 1319 Docensque

160 1321 313 1387 subditos
342 1322 576 1405 praedicando.
605 1324 771 1389 instruens
800 1323 936 1388 uiuendi
966 1322 1126 1405 exemplo
1164 1321 1366 1387 confirmans

160 1408 328 1492 patiendo.
358 1418 396 1473 ut
424 1411 468 1475 ad
497 1419 533 1474 te
560 1411 771 1475 coronandus
797 1410 992 1494 perueniret
1021 1410 1079 1492 qui
1116 1419 1366 1493 persecutorum

162 1496 270 1560 rninas
285 1495 469 1579 intrepidus
483 1507 680 1579 superasset
726 1496 828 1563 Cuius
850 1498 1057 1562 interuentus
1072 1515 1136 1560 nos
1149 1516 1334 1579 quesumus
1346 1514 1368 1559 a

159 1583 282 1646 nostris
307 1583 447 1648 mundet
461 1582 600 1648 delictis
625 1584 683 1666 qui
704 1584 766 1649 tibi
785 1583 911 1668 placuit
933 1592 986 1649 tot
1000 1583 1168 1647 donorum
1191 1602 1366 1667 praeroga·

158 1669 245 1734 tiuis.
260 1688 435 1753 perquem
451 1670 669 1735 maiestatem.

615 1802 679 1867 Ad
687 1802 914 1887 complendum.

204 1898 398 1965 Sanctificet
412 1921 474 1965 nos
489 1902 635 1967 domine.
651 1922 832 1987 quesumus
847 1902 896 1968 tui
919 1901 1092 1985 perceptio
1105 1903 1318 1967 sacramenti
1331 1910 1363 1967 et

159 1987 396 2052 intercessione
410 1997 601 2053 sanctorum
617 1990 680 2055 tibi
694 1990 814 2055 reddat
833 1999 998 2072 acceptos.
1013 2008 1081 2073 per.

247 2161 384 2227 Eonsu
408 2164 490 2229 Dm
516 2164 672 2231 Uromm
695 2165 838 2232 Senem
861 2165 1053 2231 Aunnsns
1075 2164 1279 2232 Anosrorr.

202 2285 393 2369 Quesumus
408 2286 623 2370 omnipotens
637 2287 721 2351 deus
734 2296 773 2351 ut
787 2287 905 2352 beatus
923 2289 1065 2353 andreas
1080 2288 1257 2371 apostolus
1271 2297 1355 2353 tuum

160 2392 220 2457 pro
247 2373 343 2437 nobis
368 2372 525 2455 imploret
549 2373 721 2438 auxilium.
748 2383 786 2438 ut
809 2395 830 2437 a
853 2376 975 2439 nostris
1000 2374 1150 2439 reatibus
1173 2374 1354 2440 absolutis

158 2461 286 2525 cunctis
301 2461 401 2523 etiam
419 2460 571 2542 periculis
586 2481 758 2524 exuamur.
775 2482 841 2543 per.

695 2582 832 2645 Secreta.

205 2679 410 2745 Sacrandum
438 2680 498 2742 tibi
520 2680 655 2743 domine
681 2701 800 2743 munus
822 2679 998 2743 offerimus.
1014 2701 1082 2762 quo
1107 2680 1198 2744 beati
1223 2683 1348 2745 andreae

160 2767 358 2850 sollempnia
384 2767 574 2829 recolentes.
602 2767 865 2849 purificationem
892 2788 1025 2849 quoque
1049 2769 1172 2831 nostris
1200 2766 1347 2831 mentibus

162 2855 386 2936 imploramus
403 2874 469 2936 per.

675 2966 856 3045 Praefatio.

207 3066 271 3147 lffl
297 3074 429 3127 aeterne
444 3065 534 3128 deus
581 3065 626 3128 Et
652 3066 860 3128 maiestatem
888 3074 979 3127 tuam
1008 3066 1204 3148 suppliciter
1220 3066 1271 3149 [io
1289 3061 1342 3135 164

163 3173 310 3216 exorare.
341 3161 378 3214 ut
404 3152 460 3232 qui
499 3152 588 3215 beati
620 3153 763 3215 andreae
792 3161 890 3234 apost
877 3153 935 3214 toli
976 3152 1096 3215 festum
1128 3149 1343 3235 sollempnibus

164 3240 292 3303 ieiuniis
316 3250 349 3301 ct
373 3239 504 3302 deuotis
528 3241 759 3338 praeuenimus
786 3239 902 3301 officiis
930 3239 1016 3301 illius
1042 3241 1132 3322 apud
1158 3241 1340 3303 maiestatem

165 3337 256 3390 tuam
281 3336 315 3388 et
337 3327 534 3390 adiuuemur
560 3326 685 3388 meritis
708 3336 743 3388 et
768 3326 968 3388 instruamur
992 3328 1166 3409 exemplis
1192 3348 1248 3410 per
1263 3321 1340 3387 chris·

164 3423 245 3477 tum

620 3525 682 3586 Ad
692 3526 917 3606 conpilendum.

211 3624 378 3705 Perceptis
393 3624 528 3686 domine
550 3625 765 3687 sacramentis
787 3625 980 3707 suppliciter
1003 3645 1194 3688 exoramus,
1212 3635 1247 3688 ut
1264 3623 1337 3683 inter·

165 3712 304 3775 cedente
327 3710 427 3773 beato
451 3712 573 3774 andrea
600 3711 755 3793 apostolo
779 3722 846 3774 tuo.
870 3732 956 3792 quae
981 3733 1041 3793 pro
1069 3712 1156 3774 illius
1181 3698 1337 3775 ueneranda

166 3801 312 3883 gerimus
328 3799 483 3880 passione
500 3797 595 3861 nobis
610 3796 785 3880 proficiant
801 3799 844 3860 ad
862 3799 1035 3862 medelam.
1052 3802 1129 3880 per.¹

165 3968 620 4055 l1r.KAn.Deana-Ans
645 3967 976 4033 SnncrrANnnsu
1004 3968 1205 4032 Anosnonr
1223 3964 1298 4047 [fon
1290 3956 1336 4031 156

209 4084 422 4146 Maiestatem
462 4091 553 4144 tuam
587 4081 722 4145 domine
760 4080 955 4162 suppliciter
991 4100 1172 4143 exoramus
1212 4089 1247 4142 ut
1279 4064 1395 4138 sicut

165 4171 345 4234 aecclesiae
369 4179 446 4232 tuae
472 4167 589 4231 beatus
613 4168 754 4231 andreas
780 4168 952 4249 apostolus
975 4168 1090 4230 extitit
1113 4168 1307 4250 praedicator
1315 4157 1339 4215 el
1391 4112 1395 4215 l

166 4267 281 4322 rector.
298 4259 346 4320 ita
360 4258 450 4339 apud
467 4265 501 4319 te
516 4255 559 4317 sit
573 4275 635 4337 pro
651 4254 747 4318 nobis
763 4266 943 4338 perpetuus
959 4255 1164 4318 intercessor.
1181 4275 1246 4338 per.

197 4384 279 4440 ¹'l'l1e
289 4388 367 4440 lower
376 4386 434 4438 hali
441 4387 470 4437 oi
482 4386 526 4438 tbe
543 4395 612 4438 recto
629 4387 659 4439 oi
674 4386 717 4438 iol
740 4387 935 4450 164'1sblank3
953 4388 996 4438 the
1015 4403 1088 4438 verso
1107 4387 1128 4438 is
1147 4385 1268 4453 occupied
1283 4385 1343 4449 by⁸⁸

163 4454 340 4505 illuminatior).
375 4452 435 4514 (See
447 4452 518 4503 Plato
528 4452 606 4515 x11)
