3046 5092
313 306 424 356 Missa
448 306 521 357 PRO
544 306 716 359 OMNIBUS
737 309 952 363 ORDINIBUS.
1204 312 1252 375 263

54 461 221 525 interesse.
237 480 296 544 per
320 460 448 543 lignum
475 472 610 527 sanetae
634 464 738 527 crucis
761 473 796 527 et
817 484 838 527 a
860 466 1004 546 peccatis
1022 466 1203 530 abstrahas.
1220 476 1253 530 et

54 568 76 609 a
91 547 244 631 periculis
258 548 386 610 cunctis
401 549 575 612 miseratus
591 550 718 632 eripias.
735 571 795 632 per
809 552 983 615 dominum
1000 562 1158 617 nostrum.

395 755 512 818 Mrssn
537 754 612 818 Pno
637 754 922 820 Fnuuurmuuus.

105 883 196 945 Deus
219 884 275 963 qui
297 884 447 946 karitatis
472 884 562 946 dona
586 902 644 965 per
670 885 812 965 gratiam
841 886 946 949 saneti
974 887 1109 968 spiritus
1125 896 1255 951 tuorum

56 970 213 1033 cordibus
240 967 386 1032 fidelium
412 970 568 1033 infudisti.
599 970 643 1032 da
670 970 801 1033 famulis
827 981 861 1034 et
888 971 1074 1035 famulabus
1097 975 1170 1037 tuis.
1198 994 1257 1056 pro

58 1056 180 1137 quibus
217 1065 309 1118 tuam
346 1057 584 1139 depraecamur
629 1056 840 1119 clementiam
887 1058 1027 1122 salutern
1067 1062 1186 1123 mentis
1224 1072 1256 1123 et

57 1143 212 1224 corporis.
229 1154 266 1205 ut
281 1153 314 1205 te
329 1151 400 1206 tota
423 1144 545 1206 uirtute
567 1143 716 1225 diligant.
732 1154 765 1206 et
781 1165 866 1225 quae
882 1144 940 1206 tibi
957 1146 1079 1229 placita
1094 1158 1171 1209 sunt
1187 1157 1259 1210 tota

57 1229 237 1292 dilectione
253 1228 430 1312 perficiant.
448 1250 506 1312 per
521 1230 693 1293 dominum
711 1241 870 1294 nostrum.

597 1359 732 1422 Secreta.

106 1461 263 1524 Miserere
288 1480 469 1542 quesumus
499 1461 634 1524 domine
666 1461 798 1524 famulis
829 1472 862 1524 et
890 1461 1076 1525 famulabus
1101 1465 1174 1527 tuis.
1200 1485 1260 1548 pro

59 1549 181 1630 quibus
191 1548 253 1610 hoe
265 1547 459 1610 sacrificium
474 1547 580 1609 laudis
590 1557 667 1611 tuae
677 1547 847 1612 offerimus
859 1550 1022 1612 maiestati
1035 1552 1084 1621 lut
1097 1550 1152 1632 [fo.
1171 1568 1259 1630 190v.

59 1656 120 1718 per
151 1635 232 1697 haec
266 1645 380 1697 saneta
410 1654 572 1716 supernae
596 1633 812 1697 beatitudinis
843 1637 984 1716 gratiam
1016 1638 1195 1700 obtineant.
1228 1649 1261 1701 et

59 1722 201 1805 gloriam
218 1732 371 1784 aeternae
386 1721 600 1784 beatitudinis
616 1722 801 1803 adquirant.
818 1743 877 1804 per
890 1724 1063 1786 dominum
1081 1736 1238 1788 nostrum.

573 1849 754 1929 Praefatae.

106 1955 156 2018 (i)
183 1963 315 2016 aeterne
342 1954 431 2016 deus.
477 1952 698 2017 Clementiam
724 1963 816 2016 tuam
842 1955 954 2035 pronis
978 1957 1145 2018 mentibus
1168 1957 1262 2018 obse-

59 2050 200 2104 crantes
227 2050 264 2102 ut
289 2040 430 2102 famulos
457 2049 534 2103 tuos
558 2060 642 2121 quos
669 2050 804 2103 sanctae
835 2040 1021 2103 dilectionis
1048 2043 1144 2105 nobis
1169 2042 1262 2105 farni-

61 2128 205 2190 liaritate
230 2127 441 2188 coniunxisti.
468 2125 528 2189 tibi
557 2126 658 2189 facias
689 2136 761 2189 toto
792 2127 891 2191 corde
921 2128 1095 2191 subiectos.
1124 2139 1160 2192 ut
1186 2139 1263 2192 tuae

61 2213 214 2277 karitatis
237 2213 354 2295 spiritu
381 2213 496 2295 repleti
522 2234 542 2275 a
566 2213 702 2275 terrenis
729 2215 930 2277 mundentur
960 2215 1199 2297 cupiditatibus
1229 2226 1263 2279 et

61 2301 197 2364 caelesti
213 2300 418 2363 beatitudine
434 2310 466 2361 te
482 2300 629 2362 donante
645 2300 737 2381 digni
754 2299 947 2364 efficiantur.
962 2321 1021 2383 per
1036 2302 1204 2365 christum.

512 2427 575 2488 Ad
584 2427 811 2506 corrqtlendum.

111 2530 234 2593 Diuina
260 2529 401 2592 libantes
427 2531 584 2611 mysteria
610 2551 789 2612 quesumus
808 2532 943 2595 domine
959 2541 995 2594 ut
1011 2533 1092 2594 haee
1108 2533 1264 2595 salutaria

64 2625 274 2680 sacramenta
304 2616 368 2678 illis
406 2615 579 2699 proficiant
617 2618 658 2679 ad
691 2619 943 2700 prosperitatem
982 2630 1015 2681 et
1053 2640 1176 2701 pacem.
1206 2641 1266 2702 pro

65 2723 206 2852 quogium
223 2722 438 2802 ‘quarumque
464 2703 642 2766 dilectione
663 2705 744 2766 haee
770 2715 848 2767 tuae
878 2705 1059 2768 obtulimus
1091 2707 1264 2770 maiestati.

66 2810 125 2873 per
164 2810 321 2853 ominum.

344 2969 460 3032 Mrssn
484 2982 555 3032 eno
579 2968 757 3032 Ouuusus
781 2967 1003 3032 ouorunus.

112 3100 297 3162 Praetende
312 3098 447 3161 domine
463 3097 615 3161 fidelibus
639 3098 704 3160 tuis
726 3098 881 3160 omnibus
898 3098 1061 3180 episcopis
1078 3096 1262 3161 abbatibus.

68 3186 247 3250 monachis,
272 3193 306 3247 et
329 3184 506 3247 canonicis.
532 3185 602 3247 siue
630 3184 768 3265 regibus,
793 3193 826 3246 et
858 3184 1133 3265 gubernatoribus
1164 3195 1264 3266 atque

67 3272 320 3354 consanguineis
336 3271 463 3334 nostris
480 3280 513 3333 et
538 3271 588 3333 his
612 3272 667 3352 qui
693 3291 728 3333 se
753 3271 785 3331 in
810 3271 930 3332 nostris
946 3272 1264 3334 commendauerunt

69 3359 281 3424 orationibus.
306 3368 339 3421 et
369 3378 445 3419 suas
475 3358 570 3419 nobis
601 3357 708 3439 largiti
740 3367 817 3419 sunt
847 3356 1053 3421 elemosinas,
1079 3378 1136 3419 seu
1162 3359 1262 3420 etiarn

69 3448 206 3509 caeteris
233 3444 393 3507 fidelibus.
418 3446 591 3507 dexteram
627 3444 777 3506 caelestis
803 3444 919 3505 auxilii
947 3453 983 3507 ut
1010 3453 1043 3506 te
1067 3454 1139 3506 toto
1166 3446 1265 3507 corde

70 3534 267 3615 perquirant.
285 3541 318 3593 et
333 3551 419 3612 quae
434 3531 535 3612 digne
551 3530 720 3611 postulant
736 3530 893 3611 consequi
910 3539 1105 3593 mereantur.
1122 3552 1188 3613 per.

598 3657 736 3722 Secreta.

112 3763 294 3845 Propitiare
320 3763 455 3825 domine
481 3761 777 3843 supplicationibus
803 3762 930 3823 nostris,
947 3770 981 3823 et
997 3762 1056 3824 has
1080 3762 1265 3825 oblationes

68 3870 149 3931 quas
174 3849 234 3911 tibi
260 3870 320 3931 pro
357 3849 583 3912 incolomitate
620 3849 769 3910 omnium
807 3848 1048 3930 episcoporum.
1093 3849 1264 3912 abbatum.

70 3936 315 3999 monachorum.
338 3936 580 3998 canonicorum.
597 3934 666 3997 siue
691 3954 813 4016 regum.
830 3943 864 3997 et
879 3936 1148 4016 gubernatorum.
1164 3947 1264 4018 atque

69 4023 388 4103 consanguineorum
402 4031 597 4084 nostrorum.
610 4031 643 4084 et
659 4041 773 4083 eorum
789 4021 845 4102 qui
862 4041 897 4082 se
914 4022 946 4082 in
964 4022 1084 4084 nostris
1096 4043 1264 4086 commen-

68 4109 230 4172 dauerunt
260 4107 472 4171 orationibus.
503 4117 536 4170 et
565 4128 641 4169 suas
672 4107 767 4169 nobis
797 4107 905 4189 largiti
943 4119 1021 4170 sunt
1058 4110 1264 4172 elemosinas.

67 4194 152 4277 lsiue
176 4197 277 4257 etiarn
302 4205 484 4258 ceterorum
520 4194 666 4257 fidelium
699 4192 875 4255 ofi'erimus.
909 4194 1072 4275 benignus
1106 4195 1161 4277 [fo.
1197 4213 1265 4275 191.

67 4302 208 4344 assume.
224 4293 258 4344 et
272 4293 308 4344 ut
326 4281 446 4344 nullius
472 4281 514 4344 sit
542 4281 668 4343 irritum
685 4290 801 4343 uotum
819 4280 939 4342 nullius
955 4301 1061 4344 uacua
1076 4281 1265 4363 postulatio

67 4380 199 4449 praesta
213 4387 393 4449 quesumus
409 4378 444 4430 ut
461 4368 550 4448 quod
568 4365 707 4430 fideliter
723 4366 875 4449 petimus
892 4365 1068 4430 efficaciter
1083 4388 1265 4451 consequa·

65 4475 230 4536 mun-per.
