3046 5092
522 273 577 322 DE
604 274 781 326 COMPUTO
804 273 1104 324 ECCLESIASTICO.

387 424 555 508 Quattuor
570 426 656 489 dene
907 426 1030 490 cubant
1047 427 1078 488 in
1095 427 1230 508 quadris

388 513 553 593 Septenos
570 515 643 577 idus
906 522 1019 595 septos
1034 514 1162 596 eligunt

387 599 475 662 Sene
491 600 633 663 kalende
906 602 1089 663 sortiuntur
1104 610 1216 663 ternos

387 686 492 748 Denis
509 689 655 768 septenis
906 688 1032 749 donant
1053 688 1153 749 assim

388 773 496 836 Pridie
520 794 624 835 nonas
906 774 1006 836 docte
1028 774 1196 855 quaternis

387 861 485 922 None
502 861 644 923 kalende
906 880 1049 942 namque
1065 861 1211 942 septenis

388 947 495 1009 Pridie
512 948 585 1009 idus
905 948 1063 1030 panditur·
1077 947 1187 1029 quinis

386 1032 520 1115 Aprelis
537 1034 696 1097 kalendas
903 1035 1064 1114 exprimit
1080 1055 1164 1096 unus

387 1120 569 1183 Duodenas
585 1141 729 1202 namque
903 1122 1002 1183 docte
1018 1121 1186 1202 quaternis

387 1208 541 1290 Speciem
566 1209 716 1288 quintam
908 1229 1079 1289 speramus
1096 1208 1225 1270 duabus

386 1294 557 1374 Quartane
570 1294 712 1356 kalende
902 1296 1049 1376 quinque
1072 1295 1240 1357 coniciunt

386 1381 539 1462 Speciem
563 1380 732 1463 quintam†
906 1402 1078 1463 speramus
1100 1376 1256 1454 duabus.†

258 1541 293 1606 Si
311 1562 409 1604 nosse
426 1543 475 1604 uis
491 1552 573 1624 quot
593 1544 671 1605 anni
693 1542 736 1605 ab
755 1543 982 1606 incarnatione
998 1544 1125 1606 domini
1142 1543 1216 1605 sint.
1232 1542 1318 1604 scito
1334 1551 1420 1623 quot

191 1621 194 1625 ’
213 1629 346 1692 ordines
363 1629 484 1692 suerint
508 1631 727 1692 indictionum
747 1639 865 1713 utpote
883 1632 1001 1712 quinto
1020 1650 1108 1693 anno
1124 1628 1244 1711 tyberii
1259 1629 1419 1712 principis

214 1716 284 1778 xlvi
300 1715 361 1778 hos
378 1736 436 1797 per
451 1738 498 1778 xv
514 1716 698 1799 multiplica
722 1716 806 1780 fiunt
835 1718 895 1780 Dc.
912 1739 956 1781 xc
977 1718 1065 1780 adde
1092 1736 1223 1798 semper
1249 1715 1419 1798 regulares

214 1803 262 1866 xii
278 1802 357 1884 quia
373 1804 435 1865 iiiia
450 1804 632 1866 indictione
655 1805 810 1866 dominus
838 1814 936 1867 natus
960 1814 1018 1867 est
1035 1804 1218 1867 secundum
1236 1803 1418 1865 dionisium

214 1902 247 1952 et
263 1889 478 1952 indictionem
495 1891 573 1952 anni
588 1892 680 1953 cuius
696 1891 848 1954 uolueris.
865 1900 983 1973 utpote
1006 1892 1083 1952 imam
1099 1891 1182 1953 liunt
1207 1890 1287 1952 Dcc.
1304 1890 1338 1951 iii
1363 1889 1419 1952 isti

213 1979 290 2039 anni
307 1977 492 2039 natiuitatis
508 1979 643 2040 domini.

260 2062 295 2125 Si
323 2064 405 2125 scire
431 2063 482 2125 uis
509 2073 612 2145 quota
637 2065 776 2127 indictio
801 2064 843 2127 sit
870 2084 964 2127 sume
991 2084 1097 2127 annos
1123 2063 1251 2126 domini
1278 2062 1419 2125 adiectis

215 2150 321 2212 tribus
338 2150 460 2231 partire
476 2171 535 2232 per
550 2172 604 2213 xv.
620 2161 654 2214 et
677 2162 760 2233 quot
788 2152 989 2215 remanserit.
1005 2151 1077 2233 ipsa
1097 2160 1148 2213 est
1176 2149 1313 2212 indictio
1339 2150 1420 2212 anni

216 2238 398 2319 praesentis
414 2237 441 2298 si
458 2238 538 2299 nihil
556 2259 610 2300 xv.
627 2239 695 2301 erit

261 2322 296 2387 Si
312 2325 395 2385 scire
411 2325 461 2385 uis
477 2335 600 2404 quotus
616 2326 658 2388 sit
674 2345 781 2388 annus
796 2325 880 2407 cycli
907 2323 1185 2388 decennouenalis
1201 2343 1295 2386 sume
1312 2343 1421 2386 annos

216 2410 342 2472 domini
353 2430 455 2473 unum
472 2413 618 2474 adiciens
634 2414 793 2493 quoniam
810 2414 957 2475 secundo
972 2412 1134 2475 eiusdeml
1150 2409 1254 2494 sanno
1270 2409 1329 2492 [fo.
1347 2425 1420 2474 21v.

216 2506 314 2560 natus
339 2506 389 2559 est
413 2499 577 2560 dominus.
595 2501 717 2581 partire
741 2520 800 2580 per
815 2501 878 2561 xix
894 2508 927 2561 et
943 2507 1025 2581 quot
1053 2499 1246 2560 remanserit
1272 2494 1353 2580 ipsil
1368 2507 1420 2559 est

217 2604 324 2646 annus
340 2584 424 2665 cycli
441 2586 727 2649 decennouenalis.

262 2670 298 2733 Si
315 2691 516 2752 cognoscere
533 2673 582 2734 uis
601 2683 722 2753 quotus
738 2672 852 2754 cyclus
869 2672 992 2734 lunaris
1007 2682 1057 2733 est
1074 2681 1150 2734 tene
1167 2691 1272 2733 annos
1289 2671 1419 2732 domini

218 2758 302 2819 duos
327 2758 526 2821 subtrahens
551 2761 663 2822 diuide
691 2780 750 2840 per
774 2761 845 2822 xix.
871 2769 904 2821 et
929 2768 1012 2840 quot
1043 2759 1237 2821 remanserit
1265 2759 1337 2840 ipse
1368 2767 1419 2820 est

218 2865 324 2907 annus
342 2846 425 2926 cycli
443 2845 574 2909 lunaris.
591 2848 616 2908 si
634 2847 714 2908 nihil
732 2847 817 2908 xix.²

263 2931 300 2994 Si
327 2934 377 2994 uis
408 2935 557 2995 inuenire
587 2942 710 3014 quotae
740 2935 806 2995 sint
837 2941 975 3015 aepacte
1005 2931 1128 2995 lunaris
1159 2932 1282 3013 partire
1313 2951 1419 2993 annos

218 3019 345 3081 domini
362 3039 420 3100 per
436 3021 507 3082 xix.
524 3038 557 3082 et
573 3031 655 3102 quot
672 3021 865 3082 remanserit
882 3020 1067 3101 multiplica
1091 3040 1148 3102 per
1172 3021 1216 3081 xi.
1233 3019 1417 3082 identidem

218 3106 332 3168 diuide
348 3127 406 3187 per
421 3120 523 3168 xxxa,
541 3118 574 3169 et
591 3118 764 3170 remanent
779 3118 946 3188 aepactae.

263 3192 298 3256 Si
315 3194 366 3255 uis
382 3195 463 3255 scire
483 3205 715 3257 concurrentes
738 3196 924 3277 septimane
947 3194 1011 3256 diei
1036 3214 1129 3254 sume
1153 3212 1258 3254 annos
1281 3193 1419 3254 domini.

218 3289 251 3341 et
279 3281 459 3342 eorundem
487 3293 640 3361 quartam
668 3292 796 3363 partem
810 3283 912 3344 adice.
940 3280 991 3342 his
1021 3299 1155 3360 quoque
1186 3280 1259 3340 iiiior
1290 3279 1419 3340 addens

218 3367 297 3446 quia
311 3387 333 3428 v
348 3379 581 3430 concurrentes
599 3369 730 3431 suerunt
746 3389 834 3431 anno
858 3368 1042 3431 natiuitatis
1058 3367 1194 3429 domini.
1211 3365 1272 3428 hos
1296 3367 1420 3447 partire

218 3474 276 3535 per
291 3454 343 3516 vii.
356 3465 389 3516 et
406 3466 578 3517 remanent
593 3452 778 3537 aepactae,†

262 3540 298 3603 Si
326 3543 549 3622 argumentari
577 3544 626 3603 uis
658 3543 798 3604 solarem
837 3541 968 3623 cyclum
1006 3561 1100 3602 sume
1138 3560 1244 3601 annos
1280 3539 1418 3601 domini.

219 3647 321 3689 unum
349 3629 495 3690 adiciens
526 3630 639 3692 diuide
670 3650 728 3711 per
758 3630 865 3691 xxviii
896 3638 929 3689 et
956 3638 1058 3690 restat
1086 3625 1145 3689 tibi
1177 3626 1291 3708 cyclus
1322 3646 1418 3707 prae-

213 3715 331 3777 dictus,

262 3801 297 3865 Si
321 3802 371 3864 uis
394 3803 476 3864 scire
499 3813 620 3882 quotus
644 3823 750 3864 annus
774 3803 816 3864 sit
840 3825 859 3864 a
882 3802 1032 3864 bissexto
1048 3821 1143 3862 sume
1158 3820 1264 3862 annos
1281 3801 1420 3863 domini.

217 3889 277 3951 hos
293 3890 406 3951 diuide
423 3911 481 3970 per
496 3891 576 3953 iiiior.
594 3901 676 3971 quot
693 3891 911 3952 remanserint
927 3899 977 3951 tot
1001 3899 1078 3950 sunt
1105 3888 1182 3950 anni
1208 3907 1228 3949 a
1255 3888 1419 3950 bissexto.

217 3978 242 4037 si
262 3976 340 4037 nihil
358 3985 428 4038 tum
446 3976 622 4039 bissextus

263 4063 327 4125 His
354 4084 433 4144 ergo
458 4066 499 4126 ad
524 4075 650 4127 certum
675 4063 820 4125 inuentis
848 4063 943 4124 facile
967 4063 1056 4124 diem
1081 4061 1205 4143 pasche
1232 4060 1420 4142 lunamque

216 4150 390 4231 repperies.
415 4151 513 4232 Quod
539 4154 566 4213 si
590 4173 609 4213 a
632 4152 796 4232 praesenti
821 4161 897 4232 post
920 4150 1047 4230 aliquot
1071 4169 1175 4211 annos
1200 4149 1292 4211 uerbi
1309 4148 1420 4231 gratia

248 4386 256 4419 ¹
275 4390 388 4438 Another
399 4389 466 4438 hand
479 4391 523 4438 has
534 4391 625 4448 added,
639 4393 718 4440 above
730 4391 772 4440 the
784 4391 843 4451 line,
856 4391 898 4440 the
910 4391 992 4440 words
1006 4393 1023 4417 ‘⁴
1031 4391 1122 4438 scilicet
1132 4389 1222 4438 anm'.'’

246 4453 257 4485 ²
275 4458 292 4480 ‘⁴
300 4456 400 4504 Scilicet
410 4455 479 4503 err't''
491 4457 573 4505 added
585 4458 664 4505 above
677 4457 735 4506 line.
