3046 5092
459 340 520 391 XV.
551 341 635 390 ΚΑΛ.
665 340 753 390 NOU.
784 336 871 387 ΝΑΤ.
901 340 928 389 S.
960 340 1070 391 IUSTI.

696 511 833 577 Secreta.

212 621 320 685 Donis
344 623 541 687 caelestibus
567 625 611 686 da
635 644 815 705 quesumus
838 625 973 688 domine
989 624 1091 685 libera
1107 633 1218 685 mente
1233 623 1366 685 seruire.

167 719 200 771 et
218 729 353 772 munera
369 730 454 792 quae
470 711 656 773 deserimus.
673 713 914 774 interueniente
937 711 1035 773 beato
1059 709 1264 792 euangelista
1284 709 1366 771 luca.

168 805 201 858 et
218 797 381 859 medelam
399 797 494 860 nobis
509 808 688 878 operentur
702 808 736 860 et
751 800 899 880 gloriam.
917 820 975 880 per
995 798 1169 859 dominum
1186 808 1343 858 nostrum.

678 915 858 995 Praefatio,

212 1024 260 1086 (l)
279 1035 411 1087 aeterne
427 1025 517 1087 deus
564 1026 609 1087 Et
626 1037 659 1088 te
671 1027 703 1088 in
717 1038 906 1089 sanctorum
925 1038 1057 1089 tuorum
1075 1026 1199 1087 meritis
1215 1025 1368 1105 gloriosis

166 1110 375 1173 conlaudare.
406 1111 608 1173 benedicere.
640 1122 673 1174 ct
712 1115 908 1194 praedicare.
970 1113 1036 1194 Qui
1074 1134 1130 1174 eos
1169 1113 1365 1174 dimicantes

167 1208 282 1258 contra
312 1198 439 1278 antiqui
474 1200 634 1279 serpentis
674 1200 949 1262 machinamenta.
989 1211 1022 1261 et
1060 1200 1181 1280 proprii
1220 1199 1367 1279 corporis

167 1284 404 1346 blandimenta,
453 1285 705 1367 inexpugnabili
754 1289 876 1349 uirtute
923 1308 981 1348 rex
1026 1285 1150 1366 gloriae
1196 1285 1365 1348 roborasti.

167 1370 224 1432 Ex
250 1371 371 1451 quibus
403 1371 493 1433 lucas
530 1374 734 1452 euangelista
765 1384 841 1436 tuus
877 1382 1050 1454 assumpto
1087 1382 1181 1433 scuto
1219 1370 1294 1434 fidei
1333 1381 1366 1432 et

166 1457 262 1538 galea
300 1458 424 1520 salutis.
468 1468 501 1519 ct
538 1459 651 1539 gladio
684 1461 818 1542 spiritus
854 1462 967 1522 sancti,
1006 1470 1038 1521 et
1077 1460 1212 1520 uiriliter
1250 1468 1366 1519 contra

166 1544 337 1627 (uitiorum
372 1545 484 1606 hostes
514 1547 685 1626 pugnauit.
724 1557 758 1608 et
794 1548 1007 1628 euangelicae
1046 1547 1141 1608 nobis
1178 1545 1233 1625 [so
1276 1546 1365 1622 156v.

167 1630 350 1693 dulcedinis
378 1631 501 1693 fluenta
526 1635 682 1695 manauit.
729 1634 831 1697 Unde
858 1636 1000 1715 petimus
1025 1634 1159 1695 domine
1181 1635 1365 1693 inmensam

167 1719 325 1798 pietatem
343 1728 442 1780 tuam.
461 1730 497 1781 ut
513 1721 568 1799 qui
584 1740 660 1781 eum
687 1730 737 1782 tot
765 1722 956 1783 meritorum
980 1721 1111 1782 donasti
1129 1718 1366 1800 praerogatiuis

167 1823 227 1866 nos
250 1806 320 1866 eius
336 1814 369 1867 ct
386 1805 543 1867 informes
566 1807 731 1888 exemplis
748 1817 781 1869 et
797 1809 935 1870 adiuues
961 1807 1093 1869 meritis.
1116 1827 1174 1886 per
1197 1805 1364 1866 christum.

614 1924 676 1984 Ad
686 1924 912 2004 corripiendum.

212 2024 348 2085 Praesta
372 2045 551 2105 quesumus
576 2028 788 2107 omnipotens
815 2036 949 2088 aeterne
973 2027 1062 2088 deus.
1089 2035 1125 2086 ut
1151 2026 1183 2087 id
1211 2025 1299 2104 quod
1325 2024 1368 2085 de

170 2120 284 2172 sancto
309 2111 404 2173 altari
436 2123 494 2173 tuo
525 2115 722 2195 accepimus,
748 2115 920 2194 praecibus
952 2114 1039 2175 beati
1071 2112 1295 2192 euangelistae
1320 2112 1367 2172 tui

171 2194 260 2258 lucae
275 2197 459 2260 sanctificet
476 2201 605 2261 animas
629 2211 758 2263 nostras
775 2222 833 2282 per
848 2202 936 2281 quod
955 2201 1016 2263 tuti
1034 2220 1104 2261 esse
1121 2200 1292 2279 possimus.
1311 2218 1368 2278 per

171 2282 340 2346 dominum
358 2296 514 2348 nostrum.

291 2453 427 2518 Eouun
453 2457 533 2519 Dra.
559 2457 714 2520 Names
739 2458 878 2522 Snucrr
905 2459 1008 2521 lustr
1036 2458 1245 2518 llnurrms.

212 2583 304 2644 Deus
320 2585 376 2664 qui
393 2583 491 2646 beato
507 2586 594 2648 iusto
610 2587 710 2647 talem
728 2586 954 2649 fortitudinem
973 2586 1123 2647 tribuisti.
1135 2596 1170 2647 ut
1188 2586 1219 2646 in
1237 2582 1369 2665 puerilii

169 2669 350 2750 corpusculi
383 2672 538 2733 membris
570 2673 741 2735 inmanum
776 2676 882 2736 uictor
919 2675 1077 2735 existeret
1116 2681 1368 2734 tormentorum.

170 2756 313 2818 concede
337 2759 505 2838 propitius¹
523 2768 558 2820 ut
576 2759 677 2839 ipsius
704 2761 984 2823 intercedentibus
1007 2760 1138 2821 meritis,
1155 2760 1198 2820 ab
1214 2759 1369 2819 omnibus

167 2860 227 2904 nos
243 2843 399 2906 absoluas
415 2846 566 2925 peccatis,
583 2866 648 2926 per.

723 2962 814 3026 Alia.

213 3063 268 3124 Da
283 3062 462 3125 aecclesiae
479 3074 554 3126 tuae
571 3065 706 3127 domine
718 3086 897 3146 quesumus
910 3076 1026 3126 sancto
1042 3066 1128 3126 iusto
1145 3063 1370 3125 intercedente

163 3150 309 3230 superbe
341 3170 406 3211 non
438 3171 559 3231 sapere.
586 3153 643 3213 sed
675 3152 735 3214 tibi
766 3153 887 3233 placita
919 3152 1105 3213 humilitate
1136 3149 1301 3231 proficere.
1332 3160 1365 3210 et

159 3245 324 3314 proterua
349 3237 532 3317 despiciens
563 3258 791 3320 quaecumque
817 3249 945 3301 matura
969 3249 1053 3300 sunt.
1082 3238 1184 3298 libera
1214 3244 1368 3297 exerceat

156 3323 312 3384 caritate.
330 3343 395 3404 per.

701 3444 839 3507 Secreta.

213 3544 307 3609 Sicut
331 3547 465 3608 diuinae
489 3548 660 3628 potentiae
681 3569 817 3611 munera
842 3570 901 3629 pro
918 3548 1039 3608 sanctis
1064 3546 1176 3607 oblata
1198 3554 1370 3607 testantur.

155 3633 215 3694 sic
246 3633 342 3694 nobis
373 3633 528 3695 effectum
567 3636 710 3697 dominc.
742 3645 818 3697 tuae
853 3634 1044 3696 saluationis
1083 3630 1282 3714 impendat.†
1312 3652 1370 3712 per

154 3719 342 3781 dominum
359 3731 517 3783 nostrum.

679 3833 860 3913 Praefatio.

213 3936 263 3999 (D
282 3944 415 3996 aeterne
432 3937 521 3997 deus.
568 3937 663 3998 Beati
675 3937 749 3998 iusti
763 3937 921 4016 martyrio
933 3936 1120 4016 gloriantes.
1137 3935 1187 3995 cui
1204 3935 1369 3995 admiran-

163 4023 247 4083 dam
275 4022 417 4102 gratiam
444 4023 476 4083 in
505 4033 618 4084 tenero
643 4023 751 4084 adhuc
776 4044 922 4103 corpore.
946 4034 979 4084 et
1006 4023 1147 4082 necdum
1171 4021 1255 4082 uirili
1280 4039 1371 4081 more

168 4119 309 4170 maturo,
349 4109 504 4170 uirtutem
543 4109 619 4171 fidei
657 4119 690 4171 et
728 4111 907 4191 patientiae
953 4108 1178 4170 fortitudinem
1217 4106 1370 4167 tribuistil

171 4195 330 4257 saeuitiae
346 4196 565 4275 persecutoris
580 4216 646 4257 non
664 4195 795 4258 cederet
811 4196 1013 4258 conscientia
1032 4194 1172 4276 puerilis,
1219 4193 1265 4254 Et
1286 4194 1371 4254 inter

172 4281 290 4345 acerba
312 4280 475 4362 supplicia
491 4302 551 4344 nec
567 4302 665 4344 sensu
682 4284 791 4364 potuit
808 4284 919 4344 terreri
947 4302 1006 4343 nec
1032 4282 1206 4362 srangijae·
1225 4277 1280 4362 [so.
1301 4293 1368 4357 157.

174 4376 247 4430 tate.
273 4377 310 4430 ut
326 4368 500 4449 gloriosior
515 4367 607 4431 fieret
622 4389 744 4431 corona
761 4370 909 4450 martyrii
926 4377 959 4429 et
976 4370 1058 4431 ideo.

433 4491 442 4525 ¹
454 4497 488 4547 Ut
500 4497 589 4546 should
601 4496 725 4561 probably
736 4497 767 4546 be
779 4496 887 4545 inserted
899 4495 965 4544 here.
