3046 5092
550 357 691 409 UNCTIO
711 358 968 410 INFIRMORUM
1305 372 1352 424 293

155 509 313 593 mysterii.
328 520 362 574 et
384 511 543 593 perhanc
558 513 679 575 sacrati
701 513 765 576 olei
780 512 971 577 unctionem
998 523 1098 596 atque
1124 524 1271 578 nostram
1294 514 1351 578 de·

155 599 399 681 praecationem
420 599 542 662 uirtute
568 609 703 662 sanctae
729 600 885 663 trinitatis
909 601 1093 663 medicatus
1108 602 1178 664 siue
1200 599 1350 685 lsanatus

156 685 331 768 pristinam
343 695 377 747 et
389 684 595 748 melioratam
607 687 751 768 recipere
763 687 917 749 merearis
933 687 1118 750 sanitatem.
1130 708 1196 769 per.
1207 687 1264 771 [so.
1277 704 1349 752 211.

407 815 518 900 ponne
531 816 575 899 bu
589 815 629 898 ba
643 815 780 899 soulbpu
793 798 892 900 J'myp
900 815 946 896 bn
960 815 1069 903 gebeb.

201 949 326 1032 Unguo
341 949 402 1013 has
422 950 573 1032 scapulas
597 951 651 1013 uel
678 953 824 1015 medium
849 952 957 1015 locum
981 953 1189 1035 scapularum
1213 955 1256 1017 de
1277 954 1352 1017 oleo

155 1047 292 1099 sacrato.
316 1046 353 1100 ut
376 1057 420 1099 ex
441 1038 532 1099 omni
556 1048 650 1120 parte
673 1038 811 1120 spiritali
835 1040 1041 1120 protectione
1065 1042 1220 1103 munitus.
1244 1041 1351 1104 iacula

155 1122 309 1185 diabolici
332 1125 475 1206 impetus
491 1126 627 1187 uiriliter
649 1134 894 1208 contempnere.
916 1127 978 1188 hac
1005 1126 1118 1208 procul
1143 1129 1248 1209 possis
1274 1147 1348 1190 cum

157 1209 273 1273 robore
288 1212 420 1292 superni
436 1212 613 1273 iuuaminis
629 1211 793 1294 repellere.
809 1231 874 1294 per.

435 1342 547 1427 ponne
561 1343 603 1425 bu
618 1342 657 1426 ba
670 1341 789 1425 bpeolc
802 1326 895 1426 mep
910 1344 957 1426 prs
969 1342 1078 1428 gebeb.

202 1475 325 1558 Unguo
348 1486 483 1559 pectora
498 1487 556 1539 tua
575 1478 618 1540 de
633 1477 707 1540 oleo
723 1487 839 1540 sancto
855 1487 892 1540 ut
918 1477 980 1540 hac
996 1479 1152 1541 unctione
1177 1487 1354 1560 protectus

156 1562 283 1626 fortiter
299 1573 444 1646 perstare
460 1563 571 1626 ualeas
587 1564 746 1626 aduersus
760 1584 872 1626 aereas
888 1576 1046 1627 cateruas
1062 1585 1128 1646 per.

361 1694 472 1779 ponne
487 1694 530 1778 pu
545 1697 586 1781 ba
599 1693 707 1756 houba
721 1693 858 1776 prbucan
873 1679 965 1777 1me
980 1695 1025 1778 lus
1039 1693 1148 1780 gebeb.

203 1828 327 1911 Unguo
347 1829 409 1891 has
431 1849 549 1891 manus
565 1830 607 1892 de
623 1828 697 1891 oleo
712 1843 914 1892 consecrato.
931 1840 967 1891 ut
988 1831 1145 1911 quicquid
1173 1830 1287 1894 illicito
1302 1831 1354 1894 uel

156 1917 261 1978 noxio
276 1935 375 1997 opere
398 1925 601 1998 peregerunt.
619 1916 778 1998 perhanc
795 1917 984 1979 unctionem
1001 1929 1186 1980 euacuetur.
1203 1938 1268 2000 per.

460 2046 571 2131 ponne
585 2046 628 2128 bu
642 2045 682 2128 ba
696 2064 750 2127 pec
764 2028 859 2127 smyJi
870 2046 916 2128 ins
931 2043 1039 2129 gebeb.

203 2180 328 2261 Unguo
343 2181 404 2242 hos
420 2181 522 2263 pedes
538 2181 580 2243 de
595 2181 670 2243 oleo
685 2179 869 2244 benedicto.
887 2189 922 2242 ut
938 2181 1094 2261 quicquid
1119 2180 1285 2263 superfluo
1300 2182 1355 2245 uel

158 2287 268 2330 nocuo
283 2268 412 2329 incessu
428 2268 672 2331 commiserunt.
688 2266 751 2330 ista
766 2266 899 2330 aboleat
920 2268 1100 2348 perunctio.
1116 2287 1183 2349 per.

185 2396 246 2478 Spa
259 2395 343 2480 hpap
363 2417 419 2479 spa
433 2398 501 2480 baec
515 2394 572 2479 erip
586 2395 666 2482 eglle
687 2396 823 2479 spyllolc
844 2417 899 2478 jpa
914 2380 1008 2478 amyli
1021 2418 1098 2459 man
1113 2398 1185 2482 boep
1199 2397 1320 2482 lpr'dop.

207 2531 329 2612 Unguo
353 2541 387 2594 te
402 2530 476 2594 oleo
491 2530 698 2595 sanctificato
721 2533 752 2595 in
770 2531 904 2595 nomine
920 2532 1023 2613 patris
1039 2541 1072 2594 et
1088 2531 1145 2594 filii
1173 2543 1206 2595 et
1222 2533 1356 2615 spiritus

156 2620 264 2681 sancti
294 2627 331 2681 ut
362 2638 454 2680 more
484 2618 597 2681 militis
624 2619 714 2682 uncti
745 2628 960 2702 praeparatus
987 2619 1029 2680 ad
1058 2618 1224 2683 luctamen
1251 2621 1357 2702 possis

157 2724 271 2769 aereas
286 2725 441 2787 superare
456 2718 613 2767 cateruas.
629 2725 696 2777 per.

448 2828 563 2914 ffiprep
577 2832 667 2914 paepe
681 2835 858 2916 mepunge
873 2834 928 2918 pas
943 2829 1075 2915 gebebu.

202 2967 241 3029 ln
258 2966 393 3029 nomine
408 2967 510 3048 patris
521 2976 554 3029 et
570 2965 626 3027 filii
639 2976 673 3029 et
683 2966 816 3047 spiritus
827 2966 930 3028 sancti
948 2966 991 3028 sit
1002 2966 1061 3029 tibi
1073 2965 1154 3028 haec
1164 2966 1227 3029 olei
1243 2968 1357 3031 unctio

157 3054 199 3116 ad
225 3051 488 3134 purificationem
512 3054 633 3115 mentis
655 3062 689 3115 et
711 3053 866 3134 corporis.
883 3053 924 3116 ad
952 3054 1122 3115 munimen
1148 3055 1190 3116 ad
1214 3053 1355 3117 delensi-

155 3159 256 3203 oncm
273 3151 388 3201 contra
404 3138 511 3202 iacula
526 3139 761 3203 inmundorum
778 3139 960 3221 spirituum.
978 3159 1043 3220 per.

722 3271 811 3334 Alia.

203 3376 349 3439 Domine
372 3375 454 3438 deus
478 3374 624 3437 saluator
650 3384 767 3437 noster.
785 3376 841 3456 qui
865 3396 900 3436 es
924 3395 1001 3437 uera
1023 3374 1112 3437 salus
1134 3385 1168 3438 et
1192 3375 1356 3438 medicina

157 3474 192 3526 et
207 3485 227 3526 a
250 3482 317 3545 quo
339 3464 448 3524 omnis
464 3463 588 3524 sanitas
610 3471 643 3523 et
666 3459 793 3534 omnis†
815 3462 1095 3524 medicamentum
1119 3463 1217 3525 uenit.
1233 3464 1356 3544 quique

158 3549 301 3632 apostoli
334 3550 381 3610 tui
412 3549 518 3611 iacobi
543 3549 746 3611 documento
774 3549 969 3610 instruxisti.
1001 3558 1037 3611 ut
1068 3548 1262 3630 languentes
1292 3549 1356 3612 olei

159 3637 284 3718 liquore
308 3644 441 3698 orantes
472 3635 704 3718 tansgeremus.
731 3635 855 3717 respice
879 3635 1041 3716 propitius
1062 3654 1161 3717 super
1183 3635 1238 3717 [so.
1263 3652 1355 3698 211v.

158 3722 246 3785 hunc
264 3721 425 3784 famulum
448 3732 551 3783 tuum.
568 3721 612 3783 ill.
629 3732 663 3783 et
685 3741 786 3802 quem
810 3721 949 3802 languor
971 3731 1085 3784 curuat
1103 3722 1146 3783 ad
1170 3722 1298 3784 exitum
1322 3732 1356 3785 et

160 3810 278 3872 uirium
298 3807 447 3870 desectus
462 3808 563 3871 trahit
584 3809 625 3870 ad
639 3827 803 3869 occasum.
821 3807 949 3870 medela
965 3818 1042 3870 tuae
1056 3809 1183 3890 gratiae
1205 3809 1355 3872 restituat

160 3898 202 3959 ad
219 3895 371 3958 salutem.
388 3915 453 3976 per.

719 3996 810 4060 Alia.

202 4100 295 4166 Sana
320 4119 454 4183 quoque
477 4101 559 4163 deus
583 4100 732 4163 omnium
752 4101 934 4164 medicator
949 4101 1087 4164 febrium
1112 4110 1146 4164 et
1162 4112 1355 4166 cunctorum

157 4187 354 4270 languorum
393 4187 556 4250 cruciatus
593 4187 901 4269 aegritudinemque
938 4197 971 4250 et
1016 4187 1167 4250 dolorum
1206 4191 1355 4254 omnium

158 4274 298 4338 disolue¹
314 4284 481 4336 tormenta
497 4274 658 4336 uiscerum
686 4293 724 4338 ac
749 4274 897 4338 cordium
923 4274 1051 4337 interna
1075 4274 1205 4337 medica
1230 4277 1356 4341 medul-

158 4360 264 4425 larum
280 4379 414 4442 quoque
429 4370 463 4423 et
486 4360 726 4441 cogitationum
748 4380 830 4424 sana
849 4360 1040 4424 discrimina
1054 4361 1201 4425 ulcerum
1217 4364 1356 4427 uarieta-

581 4507 590 4538 ¹
606 4509 741 4561 Corrected
753 4518 779 4559 to
789 4510 902 4559 dissoluc.
