3046 5092
454 342 482 392 ν.
514 343 567 394 m.
596 343 684 395 Auo.
716 343 788 396 uro.
818 344 847 395 s,
877 343 1099 396 sauream
1332 355 1377 407 ¹97

710 519 848 584 Secreta.

219 627 363 691 Munera
378 629 438 693 tibi
454 629 589 693 domine
606 639 738 694 nostrae
754 630 942 694 deuotionis
965 629 1143 694 offerimus.
1159 651 1244 712 quae
1259 642 1293 695 et
1316 653 1376 714 pro

175 724 308 777 tuorum
325 716 384 779 tibi
408 726 504 799 grata
526 717 593 780 sint
620 717 745 780 honore
772 727 962 781 sanctorum
987 727 1020 781 et
1042 718 1136 781 nobis
1162 718 1319 783 salutaria
1342 730 1376 784 te

177 802 355 864 miserante
370 802 559 867 reddantur.
577 824 635 886 per
650 804 835 867 dominum.

630 949 661 1011 A
665 949 692 1012 d
701 948 926 1030 conplendum.

219 1057 355 1121 Praesta
379 1059 475 1121 nobis
499 1058 634 1122 domine
649 1080 829 1142 quesumus
854 1059 1136 1123 intercedentibus
1160 1063 1283 1125 sanctis
1310 1066 1376 1127 tuis

174 1143 364 1245 felicissimo
393 1156 427 1209 et
458 1146 602 1228 agapito.
633 1157 669 1210 ut
695 1167 781 1229 quae
810 1166 867 1209 ore
896 1147 1127 1227 contingimus.
1155 1168 1237 1229 pura
1264 1162 1376 1214 mente

175 1251 356 1313 capiamus.
373 1252 439 1313 per.

260 1425 326 1502 vit
351 1429 440 1492 Inus
465 1427 563 1492 Auo.
589 1427 745 1491 Nimis
774 1427 915 1492 Sancti
939 1427 1092 1492 Donati
1117 1428 1296 1493 Errscom.

217 1547 311 1610 Deus
326 1549 382 1629 qui
407 1569 441 1611 es
465 1558 597 1611 tuorum
621 1548 727 1630 gloria
750 1549 968 1612 sacerdotum.
985 1557 1117 1630 praesta
1133 1568 1313 1630 quesumus
1335 1559 1372 1612 ut

169 1635 279 1697 sancti
307 1634 503 1698 confessoris
534 1644 567 1698 et
598 1636 744 1717 episcopi
776 1636 823 1698 tui
846 1635 962 1698 donati
992 1636 1085 1698 cuius
1117 1634 1200 1698 festa
1229 1637 1374 1717 gerimus

168 1722 356 1784 sentiamus
371 1721 544 1785 auxilium.
560 1742 620 1804 per
634 1723 806 1785 dominum
824 1732 983 1784 nostrum.

705 1850 843 1914 Secreta.

215 1963 353 2025 Praesta
368 1982 549 2044 quesumus
564 1962 699 2025 domine
725 1972 762 2025 ut
787 1963 959 2044 praecibus
982 1963 1088 2025 sancti
1112 1962 1309 2026 confessoris
1324 1963 1373 2026 tui

163 2059 201 2113 et
217 2049 367 2131 episcopi
382 2050 497 2112 donati
514 2069 614 2131 quem
630 2051 672 2112 ad
689 2048 821 2112 laudern
835 2050 978 2112 nominis
988 2051 1035 2112 tui
1048 2048 1166 2112 dicatis
1182 2051 1373 2113 muneribus

164 2135 383 2200 honoramus.
408 2136 483 2218 piae
507 2137 603 2200 nobis
619 2137 808 2200 deuotionis
836 2135 961 2199 lructus
981 2136 1159 2199 adcrescat.
1185 2157 1244 2218 per
1270 2139 1373 2200 dorni·

163 2242 261 2287 num.

627 2344 658 2406 Α
662 2343 690 2406 d
699 2344 924 2426 complendum.

211 2454 343 2519 Uotiua
363 2455 499 2518 domine
526 2455 615 2520 dona
642 2476 727 2537 quae
752 2477 811 2537 pro
838 2455 938 2519 beati¹
955 2463 988 2517 et
1015 2455 1160 2537 episcopi
1184 2455 1231 2518 tui
1255 2456 1370 2519 donati

159 2541 417 2623 sollempnitate
440 2543 655 2624 percepimus.
671 2563 851 2624 quesumus
875 2554 912 2606 ut
937 2543 1006 2606 eius
1033 2543 1212 2624 praecibus
1229 2552 1262 2605 et
1278 2564 1371 2625 prae·

159 2625 338 2702 sentibus†
354 2628 442 2692 uitae
466 2629 562 2692 nobis
586 2630 715 2711 pariter.
732 2641 766 2693 et
792 2641 927 2708 aeterne
943 2628 1069 2692 tribuas
1088 2628 1236 2692 conferre
1263 2630 1370 2693 subsi-

159 2715 271 2781 dium.
290 2734 349 2796 per
363 2714 537 2778 dominum
554 2726 713 2780 nostrum.

254 2900 305 2950 vr.
330 2887 420 2951 qus
444 2885 540 2952 Auo.
565 2886 721 2950 Narnuu
745 2886 887 2952 Ssncrr
912 2884 1069 2951 cruram
1094 2885 1301 2949 Minimus.

209 3008 321 3081 JDeus
355 3007 411 3088 qui
438 3028 498 3070 nos
526 3027 637 3071 annua
661 3007 759 3071 beati.
785 3007 904 3088 cyriaci
937 3005 1091 3087 martyris
1118 3005 1166 3066 tui
1194 3003 1250 3087 [fo.
1278 3023 1367 3084 141v.

154 3094 416 3175 sollempnitate
450 3093 617 3158 laetificas.
644 3095 789 3157 concede
822 3093 993 3176 propitius.
1029 3102 1065 3155 ut
1095 3092 1188 3154 cuius
1213 3093 1367 3155 natalicia

152 3183 307 3247 colimus
322 3181 478 3243 uirtutem
490 3202 624 3264 quoque
639 3181 802 3263 passionis
817 3181 992 3242 imitemur.
1009 3199 1073 3260 per.

700 3315 837 3379 Secreta.

207 3428 365 3509 Accepta
389 3428 431 3490 sit
458 3429 490 3490 in
516 3438 696 3511 conspectu
718 3440 776 3492 tuo
792 3428 927 3491 domine
951 3435 1063 3488 nostra
1086 3425 1230 3487 deuotio.
1246 3435 1279 3486 et
1295 3424 1364 3484 eius

159 3516 261 3663 ηοδῑὲ
274 3513 334 3614 fiat
350 3513 592 3596 supplicatione
607 3515 768 3579 salutaris.
779 3535 840 3597 pro
849 3516 942 3578 cuius
954 3513 1201 3594 sollempnitate
1210 3510 1363 3573 defertur.

160 3616 222 3678 per
262 3621 423 3664 ommum.

614 3721 677 3784 Ad
686 3721 912 3803 complendum.

208 3831 339 3895 Refecti
365 3833 617 3915 participatione
642 3835 786 3898 muneris
812 3835 895 3897 sacri
918 3852 1099 3915 quesumus
1123 3831 1257 3894 domine
1281 3831 1363 3893 deus

171 3930 284 3983 noster.
301 3928 338 3982 ut
354 3920 446 3982 cuius
461 3922 631 4001 sequimur
645 3920 772 3985 cultum
788 3922 971 3984 sentiamus
986 3919 1150 3982 effectum.
1167 3937 1232 4000 per.

220 4118 252 4168 v,
278 4105 372 4168 Inus
396 4105 490 4170 Aue.
516 4107 670 4172 Ulmum
695 4107 836 4172 Snucrr
861 4108 1077 4171 Llununru
1103 4105 1307 4168 Mnurrnrs.

206 4214 341 4279 Adesto
357 4215 492 4281 domine
514 4220 812 4301 supplicationibus
835 4220 955 4283 nostris
971 4228 1005 4282 et
1023 4217 1257 4280 intercessione
1272 4213 1360 4277 beati

168 4299 317 4367 laurentii
337 4306 493 4385 martyris
517 4308 573 4368 tui.
590 4318 785 4388 perpetuam
807 4307 903 4369 nobis
924 4305 1182 4369 misericordiam
1199 4302 1362 4380 benignus

162 4388 307 4453 intende.
328 4408 388 4471 per
402 4390 584 4455 dominum.

424 4503 433 4538 ¹
452 4508 602 4574 Confissoris
612 4510 704 4562 should
716 4512 839 4578 probuny
850 4512 882 4562 be
892 4510 1007 4577 supplied
1019 4509 1086 4559 here.
