3046 5092
414 338 530 390 HEBD.
559 338 628 391 IIII.
660 338 797 400 QUADR.
830 337 1008 388 SABBATO.

565 542 628 606 Ad
640 543 864 624 complendum.

157 656 323 721 Caelestia
338 656 427 720 dona
442 656 649 740 capientibus
665 676 846 738 quesumus
856 656 998 718 domine.
1012 675 1078 718 non
1095 654 1138 718 ad
1156 655 1313 719 iudicium

112 746 284 894 pesujnls?
310 745 454 826 patiaris.
471 745 561 825 quod
582 743 736 806 fidelibus
760 744 825 805 tuis
852 744 894 806 ad
920 742 1104 807 remedium
1130 743 1315 825 prouidisti.

111 850 171 912 per
208 850 366 896 ominum.

577 932 684 1015 Super
692 933 855 1014 populum.

157 1045 275 1128 Populi
293 1046 339 1108 tui
356 1046 438 1109 deus
455 1046 623 1110 institutor
637 1055 671 1109 et
688 1056 794 1108 rector
816 1053 954 1127 peccata
975 1044 1095 1125 quibus
1112 1045 1314 1125 inpugnatur

112 1133 246 1283 (qxpelle
262 1144 299 1197 ut
315 1153 447 1218 semper
462 1133 522 1196 tibi
548 1133 698 1216 placitus.
713 1143 747 1196 et
763 1143 821 1195 tuo
837 1133 1019 1195 munimine
1040 1132 1084 1194 sit
1099 1151 1240 1194 securus
1256 1151 1316 1214 per

136 1240 295 1283 ominum.

608 1397 742 1486 [Fenus
758 1400 819 1464 VI.
1168 1402 1225 1485 [fo.
1243 1415 1257 1481 5
1264 1418 1313 1482 3v.

159 1539 252 1602 Deus
268 1539 324 1620 qui
344 1535 565 1600 ineffabilibus
589 1539 751 1601 mundum
778 1556 917 1599 renouas
940 1538 1163 1601 sacramentis
1184 1549 1316 1621 praesta

114 1636 151 1688 ut
168 1626 327 1688 aecclesia
343 1636 400 1686 tua
417 1625 558 1687 aeternis
574 1624 725 1706 proficiat
750 1625 920 1687 institutis.
936 1632 970 1686 et
994 1625 1232 1706 temporalibus
1247 1646 1314 1689 non

113 1713 314 1776 destituatur
330 1711 470 1774 auxiliis.
487 1732 545 1793 per
560 1711 741 1774 dominum.

650 1847 786 1911 Secreta.

159 1961 301 2024 Munera
324 1981 384 2024 nos
408 1961 544 2024 domine
568 1980 748 2041 quesumus
774 1960 888 2023 oblata
915 1957 1096 2042 purificent.
1113 1968 1146 2023 et
1170 1968 1203 2022 te
1220 1959 1315 2023 nubis

113 2048 236 2131 iugiter
251 2047 373 2111 faciant
390 2068 461 2110 esse
478 2048 659 2129 placitum.¹
672 2066 737 2129 per.

635 2183 816 2265 Praefatio.

160 2289 211 2353 (D
235 2309 294 2370 per
316 2288 474 2350 christum
498 2287 671 2350 dominum
696 2296 854 2350 nostrum.
901 2285 967 2368 Qui
994 2297 1045 2349 est
1071 2297 1232 2352 aeternus.
1255 2289 1314 2352 lux

114 2373 318 2439 indeficiens.
337 2375 469 2437 claritas
496 2374 706 2456 sempiterna.
753 2372 818 2455 Qui
835 2375 882 2436 sic
906 2395 1063 2455 sequaces
1079 2395 1156 2438 suos
1184 2377 1216 2436 in
1244 2376 1315 2439 luce

115 2463 286 2545 praecepit
302 2461 472 2525 ambulare
488 2471 525 2524 ut
541 2462 648 2523 noctis
664 2470 818 2523 aeternae
834 2461 967 2524 ualeant
978 2462 1153 2543 caliginem
1166 2463 1315 2526 euadere.

115 2560 150 2613 et
177 2549 220 2611 ad
246 2548 326 2611 lucis
352 2549 493 2630 patriam
525 2547 663 2610 feliciter
688 2549 867 2629 peruenire.
914 2547 979 2629 Qui
1010 2568 1069 2629 per
1093 2547 1315 2612 humilitatem

115 2636 295 2716 adsumpte
310 2634 527 2697 humanitatis
551 2634 695 2697 lazarum
719 2633 818 2696 fleuit.
843 2654 902 2716 per
924 2635 1107 2697 diuinitatis
1130 2637 1315 2716 potentiam

115 2724 207 2785 uitae
223 2722 373 2785 reddidit.
390 2741 561 2802 genusque
584 2720 767 2783 humanum
791 2720 976 2803 quadrifida
992 2732 1210 2803 peccatorum.
1228 2723 1316 2784 mole

114 2809 274 2871 obrutum
300 2809 342 2870 ad
368 2810 473 2871 uitam
499 2809 633 2872 reducit.
689 2807 751 2869 Per
784 2828 882 2888 quem
907 2809 1051 2890 petimus
1071 2809 1180 2870 ieiunii
1205 2809 1316 2872 obser-

116 2896 252 2958 uatione
269 2915 289 2957 a
304 2906 514 2976 peccatorum
532 2904 717 2957 nostrorum
742 2895 884 2956 nexibus
900 2895 992 2957 solui.
1008 2903 1042 2957 et
1057 2905 1211 2957 aeternae
1227 2896 1315 2958 uitae

115 2981 267 3045 felicitati
293 2981 394 3043 reddi.
416 2991 450 3044 et
475 2992 664 3044 sanctorum
690 2982 839 3045 coetibus
872 2983 1108 3044 connumerari.
1133 3003 1191 3063 per
1216 3002 1315 3063 quem

115 3068 329 3132 maiestatem
345 3078 447 3132 tuam.

573 3170 636 3234 Ad
644 3171 869 3253 corripiendum.

163 3275 259 3338 Haec
283 3295 344 3336 nos
368 3294 548 3355 quesumus
572 3275 707 3337 domine
733 3274 943 3357 participatio
966 3276 1170 3338 sacramenti.
1187 3285 1220 3338 et
1243 3295 1318 3356 pro·

117 3363 197 3445 priis
229 3360 373 3424 reatibus
404 3362 627 3424 indesinenter
656 3363 825 3444 expediat.
857 3373 890 3424 et
921 3361 964 3424 ab
993 3363 1149 3425 omnibus
1186 3373 1318 3426 tueatur

115 3450 273 3513 aduersis.
289 3468 356 3530 per.

583 3550 611 3615 S
612 3562 690 3633 uper
694 3552 858 3633 pupulum.

162 3663 218 3727 Da
248 3682 428 3744 quesumus
452 3662 664 3745 omnipotens
694 3664 776 3727 deus
806 3673 843 3726 ut
869 3663 924 3745 qui
956 3661 1156 3726 infirmitatis
1187 3674 1319 3728 nostrae

118 3749 241 3813 conscii
258 3750 300 3812 de
316 3758 374 3811 tua
389 3752 511 3811 uirtute
533 3748 739 3813 confidimus.
755 3749 818 3812 sub
833 3760 891 3813 tua
906 3770 1037 3833 semper
1053 3751 1177 3833 pietate
1193 3754 1317 3834 gaude·

118 3856 223 3900 amus.
240 3856 299 3918 per
313 3836 486 3898 dominum
503 3844 661 3901 nostrum.

632 4026 809 4095 Sununm.

162 4147 240 4211 Fiat
255 4147 392 4211 domine
407 4167 586 4230 quesumus
611 4167 670 4230 per
693 4150 834 4230 gratiam
862 4160 953 4214 tuam
978 4151 1163 4215 fructuosus
1187 4162 1318 4216 nostrae

115 4233 321 4319 deuotiosnis
337 4232 485 4297 affectus.
501 4237 580 4317 quia
594 4243 673 4298 tunc
690 4236 785 4298 nobis
802 4239 983 4319 proderunt
1003 4250 1157 4321 suscepta
1195 4238 1250 4321 [fu.
1270 4255 1317 4320 54.

115 4322 247 4385 ieiunia
264 4322 292 4385 si
307 4331 387 4386 tuae
401 4322 468 4386 sint
484 4321 607 4404 placita
621 4322 746 4404 pietati.
762 4344 828 4406 per.

542 4503 551 4539 ¹
569 4506 694 4573 Prolnbly
703 4507 741 4558 for
746 4509 883 4574 placatum.
