3046 5092
152 249 184 298 86
386 249 467 298 FER.
494 248 563 298 IIII.
591 248 689 299 POST
707 248 797 298 DOM.
826 247 880 298 ΙΝ
895 247 990 296 RAM.
1013 246 1127 296 Pam

687 414 823 480 Secreta.

199 529 367 594 Sacrificia
391 550 452 594 nos
478 549 659 612 quesumus
686 529 821 592 domine
847 529 1042 611 propensius
1067 536 1262 591 restaurent.
1287 548 1355 611 que

155 618 405 681 medicinalibus
422 627 498 681 sunt
515 618 667 679 instituta
679 617 816 680 ieiuniis.
832 637 898 699 per.

666 750 847 831 Praefatio.

198 865 247 927 (B
264 884 322 945 per
337 862 496 924 christum
510 863 683 926 dominum
697 872 857 926 nostrum.
897 862 1000 927 Cuius
1012 861 1180 940 salutifere
1191 864 1356 946 passionis

154 960 187 1012 et
218 951 381 1031 gloriosae
412 951 656 1012 resurrectionis
682 950 754 1011 dies
784 950 1051 1031 adpropinquare
1078 961 1267 1014 noscuntur.
1316 952 1354 1014 ln

154 1039 273 1118 quibus
289 1047 323 1099 et
339 1037 465 1116 antiqui
478 1037 582 1100 hostis
598 1036 752 1118 superbia
768 1035 997 1118 triumphatur.
1011 1046 1045 1100 et
1057 1048 1189 1101 nostrae
1201 1037 1355 1120 redemp-¹

153 1126 253 1186 tionis
270 1125 464 1203 mysterium
480 1123 692 1187 caelebratur.
740 1122 840 1187 Unde
861 1124 1029 1205 poscimus
1051 1133 1143 1186 tuam
1168 1125 1354 1188 inmensam

152 1211 373 1273 clementiam.
390 1220 426 1272 ut
442 1211 527 1273 sicut
543 1212 575 1272 in
592 1232 632 1272 eo
648 1209 719 1272 solo
734 1211 885 1272 consistit
901 1211 1002 1273 totius
1019 1221 1150 1273 nostrae
1162 1211 1358 1275 saluationis

153 1318 293 1360 summa.
321 1298 367 1359 ita
390 1317 448 1379 per
471 1318 547 1359 eum
572 1298 632 1360 tibi
660 1299 702 1360 sit
727 1297 922 1360 ieiuniorum
947 1306 981 1360 et
1005 1308 1139 1359 actuum
1166 1307 1355 1362 nostrorum

153 1406 284 1466 semper
300 1385 436 1447 uictima
452 1395 554 1466 grata.
572 1404 744 1467 perquem
762 1384 970 1447 maiestatem
987 1394 1089 1447 tuam.

608 1520 671 1583 Ad
681 1519 906 1601 complendum.

198 1630 523 1696 Sanctificationibus
560 1633 624 1694 tuis
661 1633 875 1714 omnipotens
911 1634 992 1696 deus
1037 1642 1070 1695 et
1117 1632 1199 1697 uitia
1244 1644 1359 1700 nostra

153 1730 314 1782 curentur.
331 1732 365 1782 et
381 1722 527 1783 remedia
543 1721 637 1782 nobis
653 1722 855 1801 sempiterna
871 1721 1075 1803 proueniant.
1093 1741 1160 1803 per.

688 1855 750 1916 Ad
757 1856 813 1916 co.¹

198 1968 271 2030 Tua
289 1987 348 2029 nos
365 1966 589 2030 misericordia
601 1968 683 2030 deus
706 1976 740 2028 et
762 1966 806 2029 ab
828 1966 919 2028 omni
942 1967 1156 2050 subreptione
1179 1971 1357 2032 uetustatis

152 2064 327 2136 expurget.
357 2064 390 2116 et
419 2074 558 2136 capaces
585 2063 720 2117 sanctae
747 2054 906 2116 nouitatis
936 2053 1065 2119 efficiat.
1095 2075 1155 2137 per
1180 2056 1355 2119 dominum

155 2154 313 2204 nostrum.

642 2278 761 2340 Fatua
786 2277 870 2340 llll.

199 2395 334 2458 Praesta
349 2416 529 2476 quesumus
544 2396 758 2476 'omnipotens
774 2397 857 2457 deus
880 2401 918 2455 ut
948 2396 1004 2476 qui
1018 2396 1139 2459 nostris
1161 2397 1355 2461 excessibus

156 2483 358 2544 incessanter
384 2481 573 2564 affligimur.
601 2502 660 2564 per
690 2482 852 2564 unigeniti
878 2482 927 2543 tui
956 2485 1146 2565 passionem
1173 2483 1356 2547 liberemur.

155 2591 213 2649 per
229 2571 379 2632 eundem.

677 2682 828 2745 Secreta?

202 2795 293 2855 Deus
323 2795 379 2875 qui
411 2815 470 2874 pro
501 2794 596 2855 nobis
627 2793 730 2855 filium
767 2804 860 2856 tuum
892 2795 996 2856 crucis
1027 2794 1213 2876 patibulum
1249 2796 1355 2858 subire

159 2881 299 2943 uoluisti.
316 2892 352 2943 ut
369 2883 490 2942 inimici
508 2902 527 2942 a
544 2882 638 2943 nobis
655 2881 839 2962 expelleres
857 2892 1066 2963 potestatem.
1091 2885 1237 2946 concede
1262 2886 1353 2945 nobis

158 2968 289 3029 famulis
306 2969 370 3030 tuis
387 2979 422 3029 ut
439 2970 684 3029 resurrectionis
697 2969 837 3049 gratiam
855 2989 1104 3049 consequamur.
1121 2990 1179 3049 per
1202 2971 1352 3032 eundem.

203 3054 341 3116 Purifica
358 3076 418 3117 nos
436 3056 618 3117 misericors
631 3057 712 3117 deus
729 3067 764 3117 ut
775 3056 953 3117 aecclesiae
966 3055 1057 3135 ltuae
1068 3076 1202 3136 praeces
1215 3057 1273 3138 [so.
1288 3060 1352 3136 58r.

158 3162 244 3221 quae
261 3142 318 3204 tibi
336 3153 450 3221 gratae
467 3153 543 3203 sunt
567 3144 622 3224 pia
639 3162 777 3204 munera
793 3142 987 3206 deserentes¹
1006 3142 1087 3205 fiant
1103 3145 1250 3225 expiatis
1268 3165 1354 3205 men-

156 3229 244 3290 tibus
261 3229 430 3308 gratiores
447 3249 512 3310 per.

668 3341 850 3421 Praefatae.

202 3455 250 3514 ll)
269 3473 325 3532 per
337 3451 494 3513 christum
512 3452 684 3513 dominum
702 3463 862 3514 nostrum.
909 3451 974 3533 Qui
993 3452 1153 3514 innocens
1169 3473 1230 3533 pro
1246 3453 1351 3535 impiis

157 3539 261 3600 uoluit
279 3540 357 3620 pati.
375 3549 408 3600 et
425 3560 484 3619 pro
500 3539 845 3601 sceleratisindebitae
861 3540 1108 3619 condempnari.
1149 3539 1252 3602 Cuius
1270 3561 1351 3602 mors

157 3628 277 3687 delicta
318 3636 429 3687 nostra
471 3627 614 3687 detersit.
653 3637 686 3687 et
725 3627 917 3688 resurrectio
953 3625 1222 3688 iustificationem
1262 3629 1351 3689 nobis

156 3714 316 3773 exhibuit.
365 3713 425 3774 Per
440 3733 539 3793 quem
557 3724 648 3774 tuam
666 3715 824 3793 pietatem
848 3713 1014 3794 supplices
1038 3733 1226 3775 exoramus,
1252 3725 1288 3776 ut
1311 3715 1351 3775 sic

157 3822 216 3860 nos
248 3800 346 3861 hodie
384 3820 403 3860 a
441 3801 584 3880 peccatis
623 3800 799 3861 emacules
837 3810 874 3861 ut
905 3821 976 3860 cras
1007 3801 1205 3862 uenerabilis
1236 3821 1352 3863 caenae

157 3887 297 3968 dapibus
346 3887 454 3947 saties
524 3886 636 3947 Hodie
683 3888 825 3967 accipias
875 3887 1116 3948 consessionem
1168 3898 1352 3950 nostrorum

156 3973 393 4054 peccaminum.
422 3983 455 4034 ct
480 3993 550 4033 cras
575 3973 699 4034 tribuas
726 3973 921 4054 spiritalium
952 3975 1156 4035 incrementa
1183 3975 1351 4037 donorum.

160 4060 269 4121 llodie
293 4061 487 4121 ieiuniorum
512 4069 698 4120 nostrorum
724 4071 803 4121 uota
830 4061 998 4141 suscipias.
1026 4071 1059 4122 et
1086 4081 1158 4123 cras
1184 4063 1225 4124 ad
1252 4083 1353 4124 sacra-

156 4148 302 4207 tissimae
318 4167 440 4207 caenae
456 4147 645 4207 conuiuium
663 4148 861 4210 introducas,
878 4168 1060 4228 perquem.

190 4305 196 4334 ¹
216 4308 249 4353 So
262 4307 285 4353 in
300 4308 325 4353 M
330 4307 355 4355 S.
370 4307 403 4368 by
415 4322 481 4354 error
492 4306 530 4354 lor
541 4308 624 4369 Super
629 4309 759 4370 populum.

188 4372 197 4401 ²
215 4372 276 4418 l'his
287 4371 394 4433 heading
407 4371 427 4418 is
439 4372 559 4434 probably
569 4373 703 4436 misplaced
714 4373 737 4420 in
751 4374 792 4422 the
806 4372 861 4423 MS.
875 4374 999 4439 Deusqur'
1010 4382 1060 4439 pru
1071 4375 1141 4423 nobis
1152 4374 1227 4440 being
1239 4392 1254 4424 a
1265 4378 1353 4426 second

156 4437 250 4484 calm
263 4437 311 4483 and
324 4436 435 4499 Prmfica
445 4453 488 4485 nos
499 4437 541 4485 the
552 4441 633 4486 actual
646 4438 738 4488 Secret.
