3046 5092
526 360 682 409 NATALE
707 361 733 409 s.
762 359 913 408 arnam.
1308 367 1323 420 5

599 512 661 574 Ad
673 523 845 593 cremarunt.

167 624 276 686 Tuere
288 644 469 705 quesumus
481 626 617 687 domine
630 625 790 687 familiam
804 635 837 686 et
849 625 950 686 sacris
962 643 1093 705 semper
1104 621 1219 684 attolle
1230 641 1323 703 prae·

122 712 215 773 sidiis
238 712 411 792 sanctique
435 713 589 793 martyris
612 713 660 773 tui
684 732 722 773 ac
748 713 833 792 regis
859 710 1058 773 eaduueardi
1080 709 1324 771 interuentione

123 819 223 879 quem
240 799 400 861 moderna
413 808 611 880 tempestate
628 798 794 861 humanae
810 799 948 859 notitiae
971 798 1124 858 intimare
1148 795 1281 858 uoluisti
1305 815 1324 856 a

122 896 334 966 peccatorum
350 886 500 948 omnium
513 885 665 966 periculis
675 886 869 965 expeditam
881 894 1033 945 aeternae
1044 883 1208 945 felicitatis
1224 882 1325 944 redde

121 982 321 1035 consortem.
337 992 403 1054 per,

679 1074 774 1138 Alia.

170 1184 277 1266 lDeus
304 1187 360 1266 qui
385 1185 627 1248 nobilissimum
654 1206 766 1268 regem
791 1184 1037 1248 eaduueardum
1058 1184 1149 1247 necis
1180 1180 1236 1268 [fo.
1254 1199 1281 1246 2.
1297 1204 1326 1244 v.

126 1272 260 1335 interitu
285 1271 606 1335 contemtibilissime
631 1274 836 1355 martyrizari
860 1272 1044 1352 permisisti.
1061 1291 1128 1351 quo
1151 1290 1227 1332 eum
1251 1270 1327 1332 sub-

126 1358 248 1421 limiter
259 1361 301 1421 ad
316 1379 453 1441 regnum
467 1360 662 1441 perduceres
674 1360 844 1422 caelestae.
858 1368 989 1439 praesta
1002 1378 1181 1439 quesumus
1194 1367 1230 1419 ut
1242 1357 1326 1418 eius-

123 1445 202 1508 dem
219 1447 324 1508 sancti
342 1447 496 1528 martyris
512 1445 770 1527 suffragantibus
790 1446 922 1508 meritis.
947 1464 966 1505 a
988 1446 1116 1507 cunctis
1140 1444 1328 1506 muniamur

124 1532 282 1595 aduersis.
299 1553 358 1614 per
372 1533 546 1595 dominum
563 1543 713 1595 nostrum
731 1534 835 1596 iesum
853 1532 1020 1594 christum.

332 1729 395 1779 xu.
413 1716 505 1779 Kar.
523 1716 599 1779 lun.
618 1716 775 1778 Names
791 1714 934 1778 Snucrr
951 1715 1125 1777 Eorum.

172 1853 264 1916 Deus
280 1854 430 1916 omnium
442 1873 617 1934 regnorum
635 1853 838 1934 gubernator
853 1863 886 1916 et
910 1861 1016 1915 rector
1030 1852 1087 1934 qui
1110 1852 1242 1915 famulis
1265 1853 1330 1916 tuis

127 1939 292 2015 annuam†
303 1941 392 2003 beati
409 1938 525 2003 botulfi
550 1939 682 2002 abbatis
699 1940 826 2020 largiris
843 1937 979 2013 festam†
1002 1949 1188 2003 nostrorum
1211 1959 1328 2021 quesu-

129 2048 202 2090 mus
225 2028 299 2091 dele
323 2028 492 2089 cicatrices
515 2026 699 2090 uulnerum.
723 2027 941 2108 caelestisque
964 2027 1092 2108 patriae
1115 2026 1211 2089 donis
1235 2025 1331 2089 refice

127 2115 347 2196 sempiternis.
364 2134 424 2195 per
439 2113 622 2176 dominum.

660 2217 798 2281 Secreta.

173 2329 296 2392 Munus
312 2329 373 2394 tibi
389 2350 409 2391 a
425 2330 555 2393 deuotis
571 2329 722 2392 oblatum
739 2329 870 2392 famulis
887 2340 1041 2392 aeternae
1055 2329 1207 2391 conditor
1223 2349 1329 2392 rerum

126 2415 304 2497 dignanter
319 2417 453 2498 respice.
470 2426 504 2479 et
521 2418 646 2479 meritis
662 2417 742 2480 almi
759 2416 1039 2480 intercedentibus
1056 2415 1173 2479 botulfi
1196 2415 1328 2479 caelesti

128 2502 209 2565 illud
240 2502 472 2566 benedictione
505 2502 676 2566 sanctifica
706 2504 868 2584 nobisque
899 2505 940 2567 ad
971 2513 1165 2565 cunctorum
1197 2503 1329 2565 ueniam

128 2589 358 2671 peccaminum
384 2600 417 2652 et
440 2589 483 2652 ad
506 2588 676 2664 caelestis†
701 2600 920 2671 augmentum
948 2588 1096 2673 perficiat
1111 2590 1240 2671 gaudia.
1272 2610 1330 2672 per·

125 2677 302 2740 dominum
315 2686 475 2740 nostrum.

638 2780 821 2861 Praefatio.

172 2891 223 2955 (D
240 2900 373 2954 aeterne
388 2891 480 2953 deus.
527 2890 593 2973 Qui
610 2910 710 2953 omne
725 2912 830 2973 genus
846 2890 1028 2953 humanum
1041 2890 1161 2953 callida
1173 2891 1246 2972 dyri
1263 2911 1327 2955 ser·

126 2977 238 3060 pentis
261 2977 377 3040 fraude
403 2976 577 3040 seductum
602 2986 636 3040 et
659 2978 756 3059 primi
781 2979 926 3059 parentis
950 2997 1111 3040 consensu
1135 2998 1155 3039 a
1176 2978 1327 3041 caelestis

126 3065 332 3127 amoenitate
347 3064 504 3146 paradysi
521 3064 687 3127 deiectum
711 3063 965 3126 misericorditer
986 3065 1119 3126 unicum
1143 3064 1327 3129 reformasti

126 3171 187 3233 per
202 3149 315 3214 filiurn.
340 3151 406 3233 Qui
429 3151 505 3213 ideo
536 3161 586 3213 est
604 3152 647 3214 de
663 3151 788 3214 intacta
811 3161 990 3232 conceptus
1014 3151 1142 3233 uirgine
1165 3162 1201 3214 ut
1224 3172 1285 3214 nos
1308 3173 1328 3214 a

124 3246 323 3301 cunctorum
336 3237 484 3300 ablueret
496 3238 671 3300 criminum
683 3241 787 3300 sorde.
820 3237 934 3319 Atque
947 3238 1068 3300 idcirco
1082 3238 1196 3300 mortis
1211 3239 1327 3321 digna·

127 3334 181 3387 tus
198 3333 248 3387 est
263 3324 429 3405 suscipere
445 3344 596 3405 poenam.
612 3333 776 3405 quatenus
792 3344 853 3386 nos
868 3324 911 3386 ad
927 3325 1117 3387 aethereum
1134 3323 1330 3405 perducere†

127 3431 277 3494 regnum.
309 3411 373 3473 Pro
403 3411 496 3473 cuius
518 3410 695 3473 dilectione
718 3410 835 3473 beatus
858 3410 1005 3473 botulfus
1031 3421 1150 3474 cuncta
1173 3412 1328 3474 deserens

123 3499 200 3561 ima
224 3496 379 3560 caelestia
402 3498 583 3578 promeruit
607 3517 715 3579 regna
738 3495 837 3581 [Proi
858 3498 951 3560 cuius
967 3495 1160 3571 obtentum†
1175 3508 1208 3561 te
1224 3498 1281 3580 [fo.
1299 3515 1326 3577 3.

121 3584 262 3647 domine
271 3583 465 3646 humillimis
480 3583 692 3647 obsecramus
704 3585 841 3646 uocibus
856 3594 1019 3665 quatenus
1035 3605 1095 3647 nos
1111 3595 1186 3666 post
1204 3595 1314 3649 metan

124 3671 230 3734 cosmi
247 3670 445 3733 caelestibus
462 3671 575 3735 iubeas
591 3671 708 3734 sociari
718 3672 875 3734 coetibus.
892 3692 951 3754 per
966 3671 1133 3734 christum.
1190 3720 1205 3744 „

574 3803 637 3865 Ad
646 3803 871 3884 conplendum.

169 3914 378 3980 Caelestibus
408 3915 494 3997 pasti
525 3914 667 3997 dapibus
689 3918 857 3999 supplices
880 3924 914 3977 te
938 3934 1092 3995 rogamus
1116 3915 1327 3998 omnipotens

124 4004 210 4067 deus
239 4011 405 4084 quatenus
435 4021 493 4084 per
515 4002 659 4082 gloriosa
675 4003 754 4066 almi
777 4004 880 4085 patris
903 4000 1019 4064 botulfi
1045 4003 1162 4064 merita
1185 4003 1327 4064 aeternis

125 4109 189 4152 nos
205 4089 320 4152 iubeas
335 4089 453 4151 sociari
469 4087 609 4170 gaudiis.
624 4110 684 4171 per
698 4091 879 4153 dominum.

212 4278 245 4325 x.
270 4262 361 4327 Kar.
388 4263 986 4328 IuL.NarALESnncT1ALBAu1
1011 4264 1218 4326 Mnurrurs.

167 4394 305 4459 Praesta
324 4417 505 4478 quesumus
529 4397 741 4479 omnipotens
766 4399 847 4460 deus
871 4407 907 4461 ut
930 4399 986 4477 qui
1001 4406 1153 4460 sanctum
1170 4397 1327 4463 albanum

118 4492 307 4565 martyrem
334 4498 428 4547 tuum
460 4494 494 4548 et
524 4485 594 4546 cius
621 4485 729 4546 socios
754 4487 870 4546 eadem
902 4493 1102 4565 tempestate
1126 4504 1327 4568 compassos.
