<?xml version="1.0" encoding="UTF-8"?>
<!DOCTYPE html PUBLIC "-//W3C//DTD XHTML 1.0 Transitional//EN"
    "http://www.w3.org/TR/xhtml1/DTD/xhtml1-transitional.dtd">
<html xmlns="http://www.w3.org/1999/xhtml" xml:lang="en" lang="en">
 <head>
  <title>
</title>
<meta http-equiv="Content-Type" content="text/html;charset=utf-8" />
  <meta name='ocr-system' content='tesseract 3.04.00' />
  <meta name='ocr-capabilities' content='ocr_page ocr_carea ocr_par ocr_line ocrx_word'/>
</head>
<body>
  <div class='ocr_page' id='page_1' title='image "./missalrobertjum01wilsgoog_0285.png"; bbox 0 0 3046 5092; ppageno 0'>
   <div class='ocr_carea' id='block_1_1' title="bbox 394 353 1352 420">
    <p class='ocr_par' dir='ltr' id='par_1_1' title="bbox 394 353 1352 420">
     <span class='ocr_line' id='line_1_1' title="bbox 394 353 1352 420; baseline 0.003 -18"><span class='ocrx_word' id='word_1_1' title='bbox 394 353 433 403; x_wconf 87' lang='lat' dir='ltr'><strong>II.</strong></span> <span class='ocrx_word' id='word_1_2' title='bbox 462 353 546 403; x_wconf 82' lang='lat' dir='ltr'><strong>KAL.</strong></span> <span class='ocrx_word' id='word_1_3' title='bbox 575 353 679 415; x_wconf 88' lang='lat' dir='ltr'><strong>[OCT.]</strong></span> <span class='ocrx_word' id='word_1_4' title='bbox 704 353 792 403; x_wconf 85' lang='lat' dir='ltr'><strong>NAT.</strong></span> <span class='ocrx_word' id='word_1_5' title='bbox 820 354 846 403; x_wconf 87' lang='lat' dir='ltr'><strong>S.</strong></span> <span class='ocrx_word' id='word_1_6' title='bbox 874 354 1094 405; x_wconf 85' lang='lat' dir='ltr'><em>HIERONIMI.</em></span> <span class='ocrx_word' id='word_1_7' title='bbox 1304 366 1352 420; x_wconf 82' lang='lat'><strong>215</strong></span> 
     </span>
    </p>
   </div>
   <div class='ocr_carea' id='block_1_2' title="bbox 197 518 1352 704">
    <p class='ocr_par' dir='ltr' id='par_1_2' title="bbox 197 518 1352 704">
     <span class='ocr_line' id='line_1_2' title="bbox 683 518 823 584; baseline -0.014 0"><span class='ocrx_word' id='word_1_8' title='bbox 683 518 823 584; x_wconf 81' lang='lat' dir='ltr'><strong>Secreta.</strong></span> 
     </span>
     <span class='ocr_line' id='line_1_3' title="bbox 197 615 1352 704; baseline 0 -21"><span class='ocrx_word' id='word_1_9' title='bbox 197 615 412 700; x_wconf 77' lang='lat' dir='ltr'><strong>lSanctorum</strong></span> <span class='ocrx_word' id='word_1_10' title='bbox 444 629 575 681; x_wconf 91' lang='lat' dir='ltr'><strong>tuorum</strong></span> <span class='ocrx_word' id='word_1_11' title='bbox 607 619 702 681; x_wconf 92' lang='lat' dir='ltr'><strong>nobis</strong></span> <span class='ocrx_word' id='word_1_12' title='bbox 725 619 861 682; x_wconf 91' lang='lat' dir='ltr'><strong>domine</strong></span> <span class='ocrx_word' id='word_1_13' title='bbox 891 620 946 701; x_wconf 90' lang='lat' dir='ltr'><strong>pia</strong></span> <span class='ocrx_word' id='word_1_14' title='bbox 977 640 1043 682; x_wconf 90' lang='lat' dir='ltr'><strong>non</strong></span> <span class='ocrx_word' id='word_1_15' title='bbox 1066 621 1153 683; x_wconf 88' lang='lat' dir='ltr'>desit</span> <span class='ocrx_word' id='word_1_16' title='bbox 1178 617 1234 704; x_wconf 76' lang='lat' dir='ltr'><strong>[lo.</strong></span> <span class='ocrx_word' id='word_1_17' title='bbox 1263 634 1352 701; x_wconf 83' lang='lat' dir='ltr'><strong>153v.</strong></span> 
     </span>
    </p>
   </div>
   <div class='ocr_carea' id='block_1_3' title="bbox 154 706 1353 874">
    <p class='ocr_par' dir='ltr' id='par_1_3' title="bbox 154 706 1353 874">
     <span class='ocr_line' id='line_1_4' title="bbox 154 706 1353 786; baseline 0.004 -20"><span class='ocrx_word' id='word_1_18' title='bbox 154 710 260 767; x_wconf 90' lang='lat' dir='ltr'><strong>oratio</strong></span> <span class='ocrx_word' id='word_1_19' title='bbox 290 726 376 786; x_wconf 92' lang='lat' dir='ltr'><strong>quae</strong></span> <span class='ocrx_word' id='word_1_20' title='bbox 406 717 439 768; x_wconf 90' lang='lat' dir='ltr'><strong>et</strong></span> <span class='ocrx_word' id='word_1_21' title='bbox 473 727 609 768; x_wconf 89' lang='lat' dir='ltr'><strong>munera</strong></span> <span class='ocrx_word' id='word_1_22' title='bbox 639 715 752 768; x_wconf 92' lang='lat' dir='ltr'><strong>nostra</strong></span> <span class='ocrx_word' id='word_1_23' title='bbox 782 706 841 768; x_wconf 92' lang='lat' dir='ltr'><strong>tibi</strong></span> <span class='ocrx_word' id='word_1_24' title='bbox 876 706 1037 769; x_wconf 84' lang='lat' dir='ltr'><strong>conciliet.</strong></span> <span class='ocrx_word' id='word_1_25' title='bbox 1068 718 1102 769; x_wconf 93' lang='lat' dir='ltr'><strong>et</strong></span> <span class='ocrx_word' id='word_1_26' title='bbox 1133 718 1226 770; x_wconf 89' lang='lat' dir='ltr'><strong>tuam</strong></span> <span class='ocrx_word' id='word_1_27' title='bbox 1257 709 1353 771; x_wconf 82' lang='lat' dir='ltr'><strong>nobis</strong></span> 
     </span>
     <span class='ocr_line' id='line_1_5' title="bbox 155 793 790 874; baseline 0 -21"><span class='ocrx_word' id='word_1_28' title='bbox 155 793 395 873; x_wconf 84' lang='lat' dir='ltr'><strong>indulgentiam</strong></span> <span class='ocrx_word' id='word_1_29' title='bbox 408 813 540 874; x_wconf 85' lang='lat' dir='ltr'>semper</span> <span class='ocrx_word' id='word_1_30' title='bbox 551 793 707 856; x_wconf 89' lang='lat' dir='ltr'><strong>obtineat.</strong></span> <span class='ocrx_word' id='word_1_31' title='bbox 724 813 790 873; x_wconf 93' lang='lat' dir='ltr'><strong>per.</strong></span> 
     </span>
    </p>
   </div>
   <div class='ocr_carea' id='block_1_4' title="bbox 665 908 847 975">
    <p class='ocr_par' dir='ltr' id='par_1_4' title="bbox 665 908 847 975">
     <span class='ocr_line' id='line_1_6' title="bbox 665 908 847 975; baseline 0 -5"><span class='ocrx_word' id='word_1_32' title='bbox 665 908 847 975; x_wconf 75' lang='lat' dir='ltr'><strong>Praefatio.</strong></span> 
     </span>
    </p>
   </div>
   <div class='ocr_carea' id='block_1_5' title="bbox 155 1006 1354 1349">
    <p class='ocr_par' dir='ltr' id='par_1_5' title="bbox 155 1006 1354 1349">
     <span class='ocr_line' id='line_1_7' title="bbox 199 1006 1352 1089; baseline 0.001 -19"><span class='ocrx_word' id='word_1_33' title='bbox 199 1007 248 1070; x_wconf 77' lang='lat' dir='ltr'><strong>(D</strong></span> <span class='ocrx_word' id='word_1_34' title='bbox 266 1017 398 1069; x_wconf 86' lang='lat' dir='ltr'><strong>aeterne</strong></span> <span class='ocrx_word' id='word_1_35' title='bbox 422 1008 511 1069; x_wconf 91' lang='lat' dir='ltr'><strong>deus.</strong></span> <span class='ocrx_word' id='word_1_36' title='bbox 559 1007 604 1068; x_wconf 89' lang='lat' dir='ltr'><strong>Et</strong></span> <span class='ocrx_word' id='word_1_37' title='bbox 628 1006 839 1068; x_wconf 86' lang='lat' dir='ltr'><strong>clementiam</strong></span> <span class='ocrx_word' id='word_1_38' title='bbox 869 1020 961 1068; x_wconf 90' lang='lat' dir='ltr'><strong>tuam</strong></span> <span class='ocrx_word' id='word_1_39' title='bbox 987 1007 1179 1089; x_wconf 87' lang='lat' dir='ltr'><strong>suppliciter</strong></span> <span class='ocrx_word' id='word_1_40' title='bbox 1206 1028 1352 1071; x_wconf 85' lang='lat' dir='ltr'><strong>exorare.</strong></span> 
     </span>
     <span class='ocr_line' id='line_1_8' title="bbox 156 1094 1354 1177; baseline 0.001 -22"><span class='ocrx_word' id='word_1_41' title='bbox 156 1102 191 1156; x_wconf 90' lang='lat' dir='ltr'><strong>ut</strong></span> <span class='ocrx_word' id='word_1_42' title='bbox 207 1114 283 1155; x_wconf 94' lang='lat' dir='ltr'><strong>cum</strong></span> <span class='ocrx_word' id='word_1_43' title='bbox 300 1094 528 1157; x_wconf 86' lang='lat' dir='ltr'><strong>exultantibus</strong></span> <span class='ocrx_word' id='word_1_44' title='bbox 544 1094 674 1154; x_wconf 89' lang='lat' dir='ltr'><strong>sanctis.</strong></span> <span class='ocrx_word' id='word_1_45' title='bbox 693 1095 724 1153; x_wconf 94' lang='lat' dir='ltr'><strong>in</strong></span> <span class='ocrx_word' id='word_1_46' title='bbox 751 1094 902 1154; x_wconf 85' lang='lat' dir='ltr'><strong>caelestis</strong></span> <span class='ocrx_word' id='word_1_47' title='bbox 927 1095 1018 1174; x_wconf 88' lang='lat' dir='ltr'><strong>regni</strong></span> <span class='ocrx_word' id='word_1_48' title='bbox 1045 1094 1208 1156; x_wconf 89' lang='lat' dir='ltr'><strong>cubilibus</strong></span> <span class='ocrx_word' id='word_1_49' title='bbox 1231 1096 1354 1177; x_wconf 88' lang='lat' dir='ltr'><strong>gaudia</strong></span> 
     </span>
     <span class='ocr_line' id='line_1_9' title="bbox 156 1180 1354 1263; baseline 0.003 -22"><span class='ocrx_word' id='word_1_50' title='bbox 156 1191 268 1243; x_wconf 88' lang='lat' dir='ltr'><strong>nostra</strong></span> <span class='ocrx_word' id='word_1_51' title='bbox 298 1180 485 1261; x_wconf 87' lang='lat' dir='ltr'><strong>subiungas</strong></span> <span class='ocrx_word' id='word_1_52' title='bbox 529 1181 574 1242; x_wconf 88' lang='lat' dir='ltr'><strong>Et</strong></span> <span class='ocrx_word' id='word_1_53' title='bbox 604 1200 687 1260; x_wconf 89' lang='lat' dir='ltr'><strong>quos</strong></span> <span class='ocrx_word' id='word_1_54' title='bbox 719 1180 849 1241; x_wconf 89' lang='lat' dir='ltr'><strong>uirtutis</strong></span> <span class='ocrx_word' id='word_1_55' title='bbox 880 1181 1064 1243; x_wconf 85' lang='lat' dir='ltr'><strong>imitatione</strong></span> <span class='ocrx_word' id='word_1_56' title='bbox 1088 1202 1153 1242; x_wconf 92' lang='lat' dir='ltr'><strong>non</strong></span> <span class='ocrx_word' id='word_1_57' title='bbox 1178 1203 1354 1263; x_wconf 87' lang='lat' dir='ltr'><strong>possumus</strong></span> 
     </span>
     <span class='ocr_line' id='line_1_10' title="bbox 155 1267 1300 1349; baseline 0.003 -21"><span class='ocrx_word' id='word_1_58' title='bbox 155 1269 256 1348; x_wconf 89' lang='lat' dir='ltr'><strong>sequi.</strong></span> <span class='ocrx_word' id='word_1_59' title='bbox 272 1267 404 1329; x_wconf 88' lang='lat' dir='ltr'><strong>debitae</strong></span> <span class='ocrx_word' id='word_1_60' title='bbox 421 1268 643 1329; x_wconf 85' lang='lat' dir='ltr'><strong>uenerationis</strong></span> <span class='ocrx_word' id='word_1_61' title='bbox 660 1268 894 1347; x_wconf 86' lang='lat' dir='ltr'><strong>contingamus</strong></span> <span class='ocrx_word' id='word_1_62' title='bbox 911 1267 1040 1329; x_wconf 83' lang='lat' dir='ltr'><strong>aflectu.</strong></span> <span class='ocrx_word' id='word_1_63' title='bbox 1058 1289 1116 1349; x_wconf 91' lang='lat' dir='ltr'><strong>per</strong></span> <span class='ocrx_word' id='word_1_64' title='bbox 1131 1268 1300 1331; x_wconf 89' lang='lat' dir='ltr'><strong>christum.</strong></span> 
     </span>
    </p>
   </div>
   <div class='ocr_carea' id='block_1_6' title="bbox 609 1386 907 1466">
    <p class='ocr_par' dir='ltr' id='par_1_6' title="bbox 609 1386 907 1466">
     <span class='ocr_line' id='line_1_11' title="bbox 609 1386 907 1466; baseline 0.003 -19"><span class='ocrx_word' id='word_1_65' title='bbox 609 1386 671 1447; x_wconf 74' lang='lat' dir='ltr'><strong>Ad</strong></span> <span class='ocrx_word' id='word_1_66' title='bbox 680 1386 907 1466; x_wconf 80' lang='lat' dir='ltr'><strong>corrrplcndum.</strong></span> 
     </span>
    </p>
   </div>
   <div class='ocr_carea' id='block_1_7' title="bbox 155 1486 1355 1721">
    <p class='ocr_par' dir='ltr' id='par_1_7' title="bbox 155 1486 1355 1721">
     <span class='ocr_line' id='line_1_12' title="bbox 200 1486 1354 1569; baseline 0.002 -22"><span class='ocrx_word' id='word_1_67' title='bbox 200 1486 356 1567; x_wconf 84' lang='lat' dir='ltr'><strong>Protegat</strong></span> <span class='ocrx_word' id='word_1_68' title='bbox 382 1486 516 1547; x_wconf 91' lang='lat' dir='ltr'><strong>domine</strong></span> <span class='ocrx_word' id='word_1_69' title='bbox 548 1506 728 1565; x_wconf 89' lang='lat' dir='ltr'><strong>quesumus</strong></span> <span class='ocrx_word' id='word_1_70' title='bbox 756 1486 916 1566; x_wconf 94' lang='lat' dir='ltr'><strong>populum</strong></span> <span class='ocrx_word' id='word_1_71' title='bbox 952 1495 1055 1548; x_wconf 90' lang='lat' dir='ltr'><strong>tuum.</strong></span> <span class='ocrx_word' id='word_1_72' title='bbox 1087 1496 1120 1548; x_wconf 91' lang='lat' dir='ltr'><strong>et</strong></span> <span class='ocrx_word' id='word_1_73' title='bbox 1145 1488 1354 1569; x_wconf 83' lang='lat' dir='ltr'><strong>participatio</strong></span> 
     </span>
     <span class='ocr_line' id='line_1_13' title="bbox 155 1572 1355 1656; baseline 0.003 -23"><span class='ocrx_word' id='word_1_74' title='bbox 155 1572 305 1634; x_wconf 89' lang='lat' dir='ltr'><strong>caelestis</strong></span> <span class='ocrx_word' id='word_1_75' title='bbox 330 1573 459 1635; x_wconf 88' lang='lat' dir='ltr'><strong>indulta</strong></span> <span class='ocrx_word' id='word_1_76' title='bbox 485 1573 638 1634; x_wconf 91' lang='lat' dir='ltr'><strong>conuiuii.</strong></span> <span class='ocrx_word' id='word_1_77' title='bbox 665 1584 699 1634; x_wconf 92' lang='lat' dir='ltr'><strong>et</strong></span> <span class='ocrx_word' id='word_1_78' title='bbox 721 1573 912 1653; x_wconf 87' lang='lat' dir='ltr'><strong>deprecatio</strong></span> <span class='ocrx_word' id='word_1_79' title='bbox 936 1572 1058 1635; x_wconf 90' lang='lat' dir='ltr'><strong>collata</strong></span> <span class='ocrx_word' id='word_1_80' title='bbox 1081 1584 1279 1636; x_wconf 90' lang='lat' dir='ltr'><strong>sanctorum.</strong></span> <span class='ocrx_word' id='word_1_81' title='bbox 1296 1595 1355 1656; x_wconf 91' lang='lat' dir='ltr'><strong>per</strong></span> 
     </span>
     <span class='ocr_line' id='line_1_14' title="bbox 156 1659 504 1721; baseline -0.003 0"><span class='ocrx_word' id='word_1_82' title='bbox 156 1659 328 1721; x_wconf 90' lang='lat' dir='ltr'><strong>dominum</strong></span> <span class='ocrx_word' id='word_1_83' title='bbox 346 1669 504 1721; x_wconf 90' lang='lat' dir='ltr'><strong>nostrum.</strong></span> 
     </span>
    </p>
   </div>
   <div class='ocr_carea' id='block_1_8' title="bbox 177 1835 1332 1985">
    <p class='ocr_par' dir='ltr' id='par_1_8' title="bbox 177 1835 1332 1985">
     <span class='ocr_line' id='line_1_15' title="bbox 177 1835 1332 1985; baseline 0.003 -88"><span class='ocrx_word' id='word_1_84' title='bbox 177 1849 228 1898; x_wconf 92' lang='lat'><strong>111.</strong></span> <span class='ocrx_word' id='word_1_85' title='bbox 247 1836 337 1899; x_wconf 77' lang='lat' dir='ltr'><strong>KAL.</strong></span> <span class='ocrx_word' id='word_1_86' title='bbox 356 1835 443 1900; x_wconf 85' lang='lat' dir='ltr'><strong>Ocr.</strong></span> <span class='ocrx_word' id='word_1_87' title='bbox 463 1836 677 1985; x_wconf 56' lang='lat' dir='ltr'><strong>Deurcuppo</strong></span> <span class='ocrx_word' id='word_1_88' title='bbox 702 1836 900 1899; x_wconf 71' lang='lat' dir='ltr'><strong>Basrurcaa</strong></span> <span class='ocrx_word' id='word_1_89' title='bbox 924 1836 1065 1901; x_wconf 73' lang='lat' dir='ltr'><strong>Snucm</strong></span> <span class='ocrx_word' id='word_1_90' title='bbox 1090 1838 1332 1902; x_wconf 79' lang='lat' dir='ltr'><strong>Mtcrmueurs</strong></span> 
     </span>
     <span class='ocr_line' id='line_1_16' title="bbox 661 1936 888 1985; baseline 0.004 -1"><span class='ocrx_word' id='word_1_91' title='bbox 661 1936 888 1985; x_wconf 68' lang='lat' dir='ltr'><strong>renaudum.</strong></span> 
     </span>
    </p>
   </div>
   <div class='ocr_carea' id='block_1_9' title="bbox 157 2034 1355 2376">
    <p class='ocr_par' dir='ltr' id='par_1_9' title="bbox 157 2034 1355 2376">
     <span class='ocr_line' id='line_1_17' title="bbox 201 2034 1355 2119; baseline 0.002 -23"><span class='ocrx_word' id='word_1_92' title='bbox 201 2035 294 2096; x_wconf 92' lang='lat' dir='ltr'><strong>Deus</strong></span> <span class='ocrx_word' id='word_1_93' title='bbox 324 2036 380 2116; x_wconf 93' lang='lat' dir='ltr'><strong>qui</strong></span> <span class='ocrx_word' id='word_1_94' title='bbox 412 2036 495 2097; x_wconf 94' lang='lat' dir='ltr'><strong>miro</strong></span> <span class='ocrx_word' id='word_1_95' title='bbox 525 2037 640 2098; x_wconf 88' lang='lat' dir='ltr'><strong>ordine</strong></span> <span class='ocrx_word' id='word_1_96' title='bbox 677 2034 871 2115; x_wconf 86' lang='lat' dir='ltr'><strong>angelorum</strong></span> <span class='ocrx_word' id='word_1_97' title='bbox 904 2036 1085 2098; x_wconf 88' lang='lat' dir='ltr'><strong>ministeria</strong></span> <span class='ocrx_word' id='word_1_98' title='bbox 1115 2036 1355 2119; x_wconf 93' lang='lat' dir='ltr'><strong>hominumque</strong></span> 
     </span>
     <span class='ocr_line' id='line_1_18' title="bbox 157 2122 1353 2204; baseline 0.002 -21"><span class='ocrx_word' id='word_1_99' title='bbox 157 2122 334 2202; x_wconf 81' lang='lat' dir='ltr'><strong>dispensas</strong></span> <span class='ocrx_word' id='word_1_100' title='bbox 360 2125 504 2186; x_wconf 90' lang='lat' dir='ltr'><strong>concede</strong></span> <span class='ocrx_word' id='word_1_101' title='bbox 535 2122 704 2204; x_wconf 89' lang='lat' dir='ltr'><strong>propitius.</strong></span> <span class='ocrx_word' id='word_1_102' title='bbox 733 2133 769 2183; x_wconf 89' lang='lat' dir='ltr'><strong>ut</strong></span> <span class='ocrx_word' id='word_1_103' title='bbox 794 2122 913 2202; x_wconf 90' lang='lat' dir='ltr'><strong>quibus</strong></span> <span class='ocrx_word' id='word_1_104' title='bbox 945 2123 1003 2184; x_wconf 90' lang='lat' dir='ltr'><strong>tibi</strong></span> <span class='ocrx_word' id='word_1_105' title='bbox 1031 2124 1294 2186; x_wconf 86' lang='lat' dir='ltr'><strong>ministrantibus</strong></span> <span class='ocrx_word' id='word_1_106' title='bbox 1322 2126 1353 2185; x_wconf 89' lang='lat' dir='ltr'><strong>in</strong></span> 
     </span>
     <span class='ocr_line' id='line_1_19' title="bbox 157 2208 1355 2290; baseline 0.003 -21"><span class='ocrx_word' id='word_1_107' title='bbox 157 2209 247 2270; x_wconf 88' lang='lat' dir='ltr'><strong>caelo</strong></span> <span class='ocrx_word' id='word_1_108' title='bbox 259 2228 390 2290; x_wconf 92' lang='lat' dir='ltr'><strong>semper</strong></span> <span class='ocrx_word' id='word_1_109' title='bbox 405 2209 575 2272; x_wconf 79' lang='lat' dir='ltr'><strong>assistitur,</strong></span> <span class='ocrx_word' id='word_1_110' title='bbox 586 2210 629 2271; x_wconf 89' lang='lat' dir='ltr'><strong>ab</strong></span> <span class='ocrx_word' id='word_1_111' title='bbox 640 2208 691 2270; x_wconf 91' lang='lat' dir='ltr'><strong>his</strong></span> <span class='ocrx_word' id='word_1_112' title='bbox 708 2209 808 2271; x_wconf 92' lang='lat' dir='ltr'><strong>etiam</strong></span> <span class='ocrx_word' id='word_1_113' title='bbox 822 2209 854 2270; x_wconf 94' lang='lat' dir='ltr'><strong>in</strong></span> <span class='ocrx_word' id='word_1_114' title='bbox 868 2219 955 2270; x_wconf 91' lang='lat' dir='ltr'><strong>terra</strong></span> <span class='ocrx_word' id='word_1_115' title='bbox 965 2220 1077 2272; x_wconf 91' lang='lat' dir='ltr'><strong>nostra</strong></span> <span class='ocrx_word' id='word_1_116' title='bbox 1093 2211 1162 2272; x_wconf 90' lang='lat' dir='ltr'><strong>uita</strong></span> <span class='ocrx_word' id='word_1_117' title='bbox 1179 2212 1355 2273; x_wconf 90' lang='lat' dir='ltr'><strong>muniatur.</strong></span> 
     </span>
     <span class='ocr_line' id='line_1_20' title="bbox 158 2296 411 2376; baseline 0.008 -21"><span class='ocrx_word' id='word_1_118' title='bbox 158 2314 215 2376; x_wconf 88' lang='lat' dir='ltr'><strong>per</strong></span> <span class='ocrx_word' id='word_1_119' title='bbox 230 2296 411 2358; x_wconf 92' lang='lat' dir='ltr'><strong>dominum.</strong></span> 
     </span>
    </p>
   </div>
   <div class='ocr_carea' id='block_1_10' title="bbox 690 2410 827 2475">
    <p class='ocr_par' dir='ltr' id='par_1_10' title="bbox 690 2410 827 2475">
     <span class='ocr_line' id='line_1_21' title="bbox 690 2410 827 2475; baseline -0.022 0"><span class='ocrx_word' id='word_1_120' title='bbox 690 2410 827 2475; x_wconf 73' lang='lat' dir='ltr'><strong>Secreta.</strong></span> 
     </span>
    </p>
   </div>
   <div class='ocr_carea' id='block_1_11' title="bbox 159 2508 1356 2831">
    <p class='ocr_par' dir='ltr' id='par_1_11' title="bbox 159 2508 1356 2831">
     <span class='ocr_line' id='line_1_22' title="bbox 202 2508 1354 2592; baseline 0.002 -22"><span class='ocrx_word' id='word_1_121' title='bbox 202 2508 340 2571; x_wconf 89' lang='lat' dir='ltr'><strong>Hostias</strong></span> <span class='ocrx_word' id='word_1_122' title='bbox 357 2508 415 2571; x_wconf 92' lang='lat' dir='ltr'><strong>tibi</strong></span> <span class='ocrx_word' id='word_1_123' title='bbox 439 2510 574 2572; x_wconf 89' lang='lat' dir='ltr'><strong>domine</strong></span> <span class='ocrx_word' id='word_1_124' title='bbox 599 2510 705 2572; x_wconf 90' lang='lat' dir='ltr'><strong>laudis</strong></span> <span class='ocrx_word' id='word_1_125' title='bbox 728 2508 897 2571; x_wconf 79' lang='lat' dir='ltr'><strong>offerimus</strong></span> <span class='ocrx_word' id='word_1_126' title='bbox 922 2509 1115 2591; x_wconf 92' lang='lat' dir='ltr'><strong>suppliciter</strong></span> <span class='ocrx_word' id='word_1_127' title='bbox 1130 2510 1354 2592; x_wconf 87' lang='lat' dir='ltr'><strong>deprecantes.</strong></span> 
     </span>
     <span class='ocr_line' id='line_1_23' title="bbox 159 2596 1356 2679; baseline 0.003 -23"><span class='ocrx_word' id='word_1_128' title='bbox 159 2603 193 2656; x_wconf 91' lang='lat' dir='ltr'><strong>ut</strong></span> <span class='ocrx_word' id='word_1_129' title='bbox 208 2597 341 2657; x_wconf 90' lang='lat' dir='ltr'><strong>easdem</strong></span> <span class='ocrx_word' id='word_1_130' title='bbox 359 2597 509 2677; x_wconf 88' lang='lat' dir='ltr'><strong>angelico</strong></span> <span class='ocrx_word' id='word_1_131' title='bbox 524 2617 585 2677; x_wconf 91' lang='lat' dir='ltr'><strong>pro</strong></span> <span class='ocrx_word' id='word_1_132' title='bbox 602 2596 696 2658; x_wconf 89' lang='lat' dir='ltr'><strong>nobis</strong></span> <span class='ocrx_word' id='word_1_133' title='bbox 714 2597 953 2658; x_wconf 89' lang='lat' dir='ltr'><strong>interueniente</strong></span> <span class='ocrx_word' id='word_1_134' title='bbox 976 2597 1139 2678; x_wconf 82' lang='lat' dir='ltr'><strong>suffragio.</strong></span> <span class='ocrx_word' id='word_1_135' title='bbox 1157 2610 1190 2660; x_wconf 90' lang='lat' dir='ltr'><strong>et</strong></span> <span class='ocrx_word' id='word_1_136' title='bbox 1206 2598 1356 2679; x_wconf 88' lang='lat' dir='ltr'><strong>placatus</strong></span> 
     </span>
     <span class='ocr_line' id='line_1_24' title="bbox 159 2683 1355 2766; baseline 0.003 -24"><span class='ocrx_word' id='word_1_137' title='bbox 159 2683 305 2762; x_wconf 89' lang='lat' dir='ltr'><strong>accipias.</strong></span> <span class='ocrx_word' id='word_1_138' title='bbox 323 2693 356 2745; x_wconf 92' lang='lat' dir='ltr'><strong>et</strong></span> <span class='ocrx_word' id='word_1_139' title='bbox 379 2686 420 2745; x_wconf 89' lang='lat' dir='ltr'><strong>ad</strong></span> <span class='ocrx_word' id='word_1_140' title='bbox 445 2683 585 2745; x_wconf 89' lang='lat' dir='ltr'><strong>salutem</strong></span> <span class='ocrx_word' id='word_1_141' title='bbox 611 2693 766 2745; x_wconf 89' lang='lat' dir='ltr'><strong>nostram.</strong></span> <span class='ocrx_word' id='word_1_142' title='bbox 784 2683 955 2764; x_wconf 89' lang='lat' dir='ltr'><strong>prouenire</strong></span> <span class='ocrx_word' id='word_1_143' title='bbox 983 2685 1152 2746; x_wconf 85' lang='lat' dir='ltr'><strong>concedas</strong></span> <span class='ocrx_word' id='word_1_144' title='bbox 1170 2706 1228 2766; x_wconf 91' lang='lat' dir='ltr'><strong>per</strong></span> <span class='ocrx_word' id='word_1_145' title='bbox 1249 2686 1355 2747; x_wconf 94' lang='lat' dir='ltr'><strong>domi-</strong></span> 
     </span>
     <span class='ocr_line' id='line_1_25' title="bbox 159 2787 244 2831; baseline 0.024 -2"><span class='ocrx_word' id='word_1_146' title='bbox 159 2787 244 2831; x_wconf 92' lang='lat' dir='ltr'><strong>num.</strong></span> 
     </span>
    </p>
   </div>
   <div class='ocr_carea' id='block_1_12' title="bbox 228 2890 849 2968">
    <p class='ocr_par' dir='ltr' id='par_1_12' title="bbox 228 2890 849 2968">
     <span class='ocr_line' id='line_1_26' title="bbox 228 2890 849 2968; baseline 0.002 -17"><span class='ocrx_word' id='word_1_147' title='bbox 228 2902 250 2933; x_wconf 69' lang='lat'>²</span> <span class='ocrx_word' id='word_1_148' title='bbox 668 2890 849 2968; x_wconf 80' lang='lat' dir='ltr'><strong>Praefatio.</strong></span> 
     </span>
    </p>
   </div>
   <div class='ocr_carea' id='block_1_13' title="bbox 162 2988 1355 3417">
    <p class='ocr_par' dir='ltr' id='par_1_13' title="bbox 162 2988 1355 3417">
     <span class='ocr_line' id='line_1_27' title="bbox 202 2988 1354 3071; baseline 0.001 -20"><span class='ocrx_word' id='word_1_149' title='bbox 202 2988 250 3051; x_wconf 73' lang='lat' dir='ltr'><strong>G)</strong></span> <span class='ocrx_word' id='word_1_150' title='bbox 275 2998 409 3051; x_wconf 88' lang='lat' dir='ltr'><strong>aeterne</strong></span> <span class='ocrx_word' id='word_1_151' title='bbox 424 2988 514 3051; x_wconf 90' lang='lat' dir='ltr'><strong>deus.</strong></span> <span class='ocrx_word' id='word_1_152' title='bbox 554 2989 668 3054; x_wconf 87' lang='lat' dir='ltr'><strong>Sancti</strong></span> <span class='ocrx_word' id='word_1_153' title='bbox 679 2988 870 3051; x_wconf 90' lang='lat' dir='ltr'><strong>michahelis</strong></span> <span class='ocrx_word' id='word_1_154' title='bbox 880 2989 1076 3070; x_wconf 85' lang='lat' dir='ltr'><strong>archangeli.</strong></span> <span class='ocrx_word' id='word_1_155' title='bbox 1094 2991 1210 3053; x_wconf 87' lang='lat' dir='ltr'><strong>merita</strong></span> <span class='ocrx_word' id='word_1_156' title='bbox 1227 2992 1354 3071; x_wconf 90' lang='lat' dir='ltr'><strong>praedi-</strong></span> 
     </span>
     <span class='ocr_line' id='line_1_28' title="bbox 162 3074 1354 3157; baseline 0.004 -23"><span class='ocrx_word' id='word_1_157' title='bbox 162 3084 278 3136; x_wconf 90' lang='lat' dir='ltr'><strong>cantes.</strong></span> <span class='ocrx_word' id='word_1_158' title='bbox 325 3074 489 3157; x_wconf 82' lang='lat' dir='ltr'><strong>Quamuis</strong></span> <span class='ocrx_word' id='word_1_159' title='bbox 519 3077 608 3138; x_wconf 91' lang='lat' dir='ltr'><strong>enim</strong></span> <span class='ocrx_word' id='word_1_160' title='bbox 640 3076 735 3138; x_wconf 93' lang='lat' dir='ltr'><strong>nobis</strong></span> <span class='ocrx_word' id='word_1_161' title='bbox 767 3077 809 3137; x_wconf 90' lang='lat' dir='ltr'><strong>sit</strong></span> <span class='ocrx_word' id='word_1_162' title='bbox 841 3077 948 3137; x_wconf 92' lang='lat' dir='ltr'><strong>omnis</strong></span> <span class='ocrx_word' id='word_1_163' title='bbox 982 3077 1132 3157; x_wconf 87' lang='lat' dir='ltr'><strong>angelica</strong></span> <span class='ocrx_word' id='word_1_164' title='bbox 1166 3079 1354 3139; x_wconf 86' lang='lat' dir='ltr'><strong>ueneranda</strong></span> 
     </span>
     <span class='ocr_line' id='line_1_29' title="bbox 162 3159 1355 3244; baseline 0.004 -23"><span class='ocrx_word' id='word_1_165' title='bbox 162 3159 351 3224; x_wconf 77' lang='lat' dir='ltr'><strong>sublimitas</strong></span> <span class='ocrx_word' id='word_1_166' title='bbox 382 3182 467 3242; x_wconf 89' lang='lat' dir='ltr'><strong>quae</strong></span> <span class='ocrx_word' id='word_1_167' title='bbox 504 3160 751 3232; x_wconf 88' lang='lat' dir='ltr'><strong>immaiestatis†</strong></span> <span class='ocrx_word' id='word_1_168' title='bbox 781 3171 857 3223; x_wconf 90' lang='lat' dir='ltr'><strong>tuae</strong></span> <span class='ocrx_word' id='word_1_169' title='bbox 894 3164 1044 3225; x_wconf 91' lang='lat' dir='ltr'><strong>consistit</strong></span> <span class='ocrx_word' id='word_1_170' title='bbox 1082 3175 1268 3244; x_wconf 89' lang='lat' dir='ltr'><strong>conspectu.</strong></span> <span class='ocrx_word' id='word_1_171' title='bbox 1300 3164 1355 3226; x_wconf 88' lang='lat' dir='ltr'><strong>illa</strong></span> 
     </span>
     <span class='ocr_line' id='line_1_30' title="bbox 163 3249 1354 3331; baseline 0.004 -24"><span class='ocrx_word' id='word_1_172' title='bbox 163 3255 268 3310; x_wconf 87' lang='lat' dir='ltr'><strong>tamen</strong></span> <span class='ocrx_word' id='word_1_173' title='bbox 285 3259 336 3311; x_wconf 92' lang='lat' dir='ltr'><strong>est</strong></span> <span class='ocrx_word' id='word_1_174' title='bbox 359 3250 553 3331; x_wconf 89' lang='lat' dir='ltr'><strong>propensius</strong></span> <span class='ocrx_word' id='word_1_175' title='bbox 575 3249 776 3311; x_wconf 90' lang='lat' dir='ltr'><strong>honoranda.</strong></span> <span class='ocrx_word' id='word_1_176' title='bbox 793 3269 878 3329; x_wconf 89' lang='lat' dir='ltr'><strong>quae</strong></span> <span class='ocrx_word' id='word_1_177' title='bbox 905 3250 937 3309; x_wconf 92' lang='lat' dir='ltr'><strong>in</strong></span> <span class='ocrx_word' id='word_1_178' title='bbox 959 3251 1029 3311; x_wconf 92' lang='lat' dir='ltr'><strong>eius</strong></span> <span class='ocrx_word' id='word_1_179' title='bbox 1053 3251 1176 3312; x_wconf 90' lang='lat' dir='ltr'><strong>ordinis</strong></span> <span class='ocrx_word' id='word_1_180' title='bbox 1192 3251 1354 3331; x_wconf 85' lang='lat' dir='ltr'><strong>dignitate</strong></span> 
     </span>
     <span class='ocr_line' id='line_1_31' title="bbox 163 3334 1099 3417; baseline 0.006 -24"><span class='ocrx_word' id='word_1_181' title='bbox 163 3334 307 3397; x_wconf 89' lang='lat' dir='ltr'><strong>caelestis</strong></span> <span class='ocrx_word' id='word_1_182' title='bbox 324 3335 460 3397; x_wconf 90' lang='lat' dir='ltr'><strong>militiae</strong></span> <span class='ocrx_word' id='word_1_183' title='bbox 477 3336 595 3398; x_wconf 91' lang='lat' dir='ltr'><strong>meruit</strong></span> <span class='ocrx_word' id='word_1_184' title='bbox 612 3336 841 3417; x_wconf 89' lang='lat' dir='ltr'><strong>principatum.</strong></span> <span class='ocrx_word' id='word_1_185' title='bbox 858 3356 917 3416; x_wconf 88' lang='lat' dir='ltr'><strong>per</strong></span> <span class='ocrx_word' id='word_1_186' title='bbox 932 3336 1099 3399; x_wconf 89' lang='lat' dir='ltr'><strong>christum.</strong></span> 
     </span>
    </p>
   </div>
   <div class='ocr_carea' id='block_1_14' title="bbox 606 3471 1354 3554">
    <p class='ocr_par' dir='ltr' id='par_1_14' title="bbox 606 3471 1354 3554">
     <span class='ocr_line' id='line_1_32' title="bbox 606 3471 1354 3554; baseline 0 -20"><span class='ocrx_word' id='word_1_187' title='bbox 606 3473 680 3550; x_wconf 66' lang='lat' dir='ltr'><strong>frid</strong></span> <span class='ocrx_word' id='word_1_188' title='bbox 691 3471 915 3551; x_wconf 63' lang='lat' dir='ltr'><strong>conptlcnduru.</strong></span> <span class='ocrx_word' id='word_1_189' title='bbox 1209 3472 1265 3554; x_wconf 86' lang='lat' dir='ltr'><strong>[se.</strong></span> <span class='ocrx_word' id='word_1_190' title='bbox 1287 3488 1354 3551; x_wconf 84' lang='lat'><strong>154.</strong></span> 
     </span>
    </p>
   </div>
   <div class='ocr_carea' id='block_1_15' title="bbox 164 3570 1356 3826">
    <p class='ocr_par' dir='ltr' id='par_1_15' title="bbox 164 3570 1356 3826">
     <span class='ocr_line' id='line_1_33' title="bbox 203 3570 1355 3652; baseline 0.001 -20"><span class='ocrx_word' id='word_1_191' title='bbox 203 3570 296 3632; x_wconf 90' lang='lat' dir='ltr'><strong>Beati</strong></span> <span class='ocrx_word' id='word_1_192' title='bbox 312 3571 501 3652; x_wconf 85' lang='lat' dir='ltr'><strong>archangeli</strong></span> <span class='ocrx_word' id='word_1_193' title='bbox 518 3573 565 3635; x_wconf 91' lang='lat' dir='ltr'><strong>tui</strong></span> <span class='ocrx_word' id='word_1_194' title='bbox 583 3571 775 3634; x_wconf 88' lang='lat' dir='ltr'><strong>michahelis</strong></span> <span class='ocrx_word' id='word_1_195' title='bbox 792 3573 1025 3633; x_wconf 91' lang='lat' dir='ltr'><strong>intercessione</strong></span> <span class='ocrx_word' id='word_1_196' title='bbox 1041 3571 1173 3634; x_wconf 81' lang='lat' dir='ltr'><strong>suffulti.</strong></span> <span class='ocrx_word' id='word_1_197' title='bbox 1190 3573 1355 3652; x_wconf 85' lang='lat' dir='ltr'><strong>supplices</strong></span> 
     </span>
     <span class='ocr_line' id='line_1_34' title="bbox 164 3657 1356 3740; baseline 0.003 -24"><span class='ocrx_word' id='word_1_198' title='bbox 164 3663 192 3716; x_wconf 87' lang='lat' dir='ltr'><strong>te</strong></span> <span class='ocrx_word' id='word_1_199' title='bbox 205 3658 340 3719; x_wconf 90' lang='lat' dir='ltr'><strong>domine</strong></span> <span class='ocrx_word' id='word_1_200' title='bbox 355 3657 572 3739; x_wconf 87' lang='lat' dir='ltr'><strong>deprecamur</strong></span> <span class='ocrx_word' id='word_1_201' title='bbox 587 3669 624 3721; x_wconf 93' lang='lat' dir='ltr'><strong>ut</strong></span> <span class='ocrx_word' id='word_1_202' title='bbox 634 3679 717 3740; x_wconf 93' lang='lat' dir='ltr'><strong>quos</strong></span> <span class='ocrx_word' id='word_1_203' title='bbox 733 3657 858 3720; x_wconf 92' lang='lat' dir='ltr'><strong>honore</strong></span> <span class='ocrx_word' id='word_1_204' title='bbox 874 3658 1110 3740; x_wconf 87' lang='lat' dir='ltr'><strong>prosequimur.</strong></span> <span class='ocrx_word' id='word_1_205' title='bbox 1123 3660 1356 3739; x_wconf 86' lang='lat' dir='ltr'><strong>contingamus</strong></span> 
     </span>
     <span class='ocr_line' id='line_1_35' title="bbox 164 3752 409 3826; baseline 0.02 -25"><span class='ocrx_word' id='word_1_206' title='bbox 164 3752 192 3803; x_wconf 91' lang='lat' dir='ltr'><strong>et</strong></span> <span class='ocrx_word' id='word_1_207' title='bbox 207 3756 327 3806; x_wconf 88' lang='lat' dir='ltr'><strong>mente.</strong></span> <span class='ocrx_word' id='word_1_208' title='bbox 344 3764 409 3826; x_wconf 92' lang='lat' dir='ltr'><strong>per.</strong></span> 
     </span>
    </p>
   </div>
   <div class='ocr_carea' id='block_1_16' title="bbox 630 3856 878 3936">
    <p class='ocr_par' dir='ltr' id='par_1_16' title="bbox 630 3856 878 3936">
     <span class='ocr_line' id='line_1_36' title="bbox 630 3856 878 3936; baseline -0.004 -18"><span class='ocrx_word' id='word_1_209' title='bbox 630 3856 661 3918; x_wconf 83' lang='lat' dir='ltr'><em>A</em></span> <span class='ocrx_word' id='word_1_210' title='bbox 666 3856 692 3917; x_wconf 86' lang='lat' dir='ltr'><strong>d</strong></span> <span class='ocrx_word' id='word_1_211' title='bbox 704 3867 878 3936; x_wconf 78' lang='lat' dir='ltr'><strong>uesperum.</strong></span> 
     </span>
    </p>
   </div>
   <div class='ocr_carea' id='block_1_17' title="bbox 164 3952 1356 4209">
    <p class='ocr_par' dir='ltr' id='par_1_17' title="bbox 164 3952 1356 4209">
     <span class='ocr_line' id='line_1_37' title="bbox 201 3952 1356 4035; baseline 0 -20"><span class='ocrx_word' id='word_1_212' title='bbox 201 3953 333 4016; x_wconf 85' lang='lat' dir='ltr'><strong>Adesto</strong></span> <span class='ocrx_word' id='word_1_213' title='bbox 348 3952 437 4035; x_wconf 92' lang='lat' dir='ltr'><strong>plebi</strong></span> <span class='ocrx_word' id='word_1_214' title='bbox 454 3964 531 4017; x_wconf 91' lang='lat' dir='ltr'><strong>tuae</strong></span> <span class='ocrx_word' id='word_1_215' title='bbox 548 3955 731 4017; x_wconf 91' lang='lat' dir='ltr'><strong>misericors</strong></span> <span class='ocrx_word' id='word_1_216' title='bbox 747 3956 836 4017; x_wconf 83' lang='lat' dir='ltr'><strong>deus</strong></span> <span class='ocrx_word' id='word_1_217' title='bbox 854 3964 886 4016; x_wconf 90' lang='lat' dir='ltr'><strong>et</strong></span> <span class='ocrx_word' id='word_1_218' title='bbox 911 3964 946 4016; x_wconf 92' lang='lat' dir='ltr'><strong>ut</strong></span> <span class='ocrx_word' id='word_1_219' title='bbox 962 3955 1088 4035; x_wconf 86' lang='lat' dir='ltr'><strong>gratiae</strong></span> <span class='ocrx_word' id='word_1_220' title='bbox 1104 3964 1181 4016; x_wconf 89' lang='lat' dir='ltr'><strong>tuae</strong></span> <span class='ocrx_word' id='word_1_221' title='bbox 1197 3953 1356 4016; x_wconf 87' lang='lat' dir='ltr'><strong>beneficia</strong></span> 
     </span>
     <span class='ocr_line' id='line_1_38' title="bbox 165 4039 1354 4123; baseline 0 -22"><span class='ocrx_word' id='word_1_222' title='bbox 165 4041 287 4116; x_wconf 88' lang='lat' dir='ltr'><strong>potiora</strong></span> <span class='ocrx_word' id='word_1_223' title='bbox 317 4041 483 4121; x_wconf 90' lang='lat' dir='ltr'><strong>suscipiat.</strong></span> <span class='ocrx_word' id='word_1_224' title='bbox 522 4039 609 4103; x_wconf 89' lang='lat' dir='ltr'><strong>beati</strong></span> <span class='ocrx_word' id='word_1_225' title='bbox 643 4041 834 4103; x_wconf 85' lang='lat' dir='ltr'><strong>michahelis</strong></span> <span class='ocrx_word' id='word_1_226' title='bbox 867 4040 1054 4122; x_wconf 85' lang='lat' dir='ltr'><strong>archangeli</strong></span> <span class='ocrx_word' id='word_1_227' title='bbox 1091 4040 1141 4103; x_wconf 85' lang='lat' dir='ltr'><strong>sac</strong></span> <span class='ocrx_word' id='word_1_228' title='bbox 1172 4042 1354 4123; x_wconf 88' lang='lat' dir='ltr'><strong>supplicem</strong></span> 
     </span>
     <span class='ocr_line' id='line_1_39' title="bbox 164 4125 1074 4209; baseline 0.003 -23"><span class='ocrx_word' id='word_1_229' title='bbox 164 4125 447 4206; x_wconf 89' lang='lat' dir='ltr'><strong>deprecationibus</strong></span> <span class='ocrx_word' id='word_1_230' title='bbox 462 4127 635 4189; x_wconf 90' lang='lat' dir='ltr'><strong>subleuari.</strong></span> <span class='ocrx_word' id='word_1_231' title='bbox 652 4148 710 4209; x_wconf 92' lang='lat' dir='ltr'><strong>per</strong></span> <span class='ocrx_word' id='word_1_232' title='bbox 725 4128 899 4190; x_wconf 89' lang='lat' dir='ltr'><strong>dominum</strong></span> <span class='ocrx_word' id='word_1_233' title='bbox 917 4139 1074 4189; x_wconf 89' lang='lat' dir='ltr'><strong>nostrum.</strong></span> 
     </span>
    </p>
   </div>
   <div class='ocr_carea' id='block_1_18' title="bbox 195 4291 1324 4370">
    <p class='ocr_par' dir='ltr' id='par_1_18' title="bbox 195 4291 1324 4370">
     <span class='ocr_line' id='line_1_40' title="bbox 195 4291 1324 4370; baseline 0 -15"><span class='ocrx_word' id='word_1_234' title='bbox 195 4306 228 4355; x_wconf 87' lang='lat'><strong>11.</strong></span> <span class='ocrx_word' id='word_1_235' title='bbox 247 4293 340 4356; x_wconf 70' lang='lat' dir='ltr'><strong>Kar..</strong></span> <span class='ocrx_word' id='word_1_236' title='bbox 364 4291 486 4370; x_wconf 69' lang='lat' dir='ltr'><strong>ssent</strong></span> <span class='ocrx_word' id='word_1_237' title='bbox 502 4294 658 4357; x_wconf 67' lang='lat' dir='ltr'><strong>Nurum:</strong></span> <span class='ocrx_word' id='word_1_238' title='bbox 683 4294 824 4358; x_wconf 73' lang='lat' dir='ltr'><strong>Srucrr</strong></span> <span class='ocrx_word' id='word_1_239' title='bbox 850 4294 1068 4357; x_wconf 78' lang='lat' dir='ltr'><strong>Hmuoumn</strong></span> <span class='ocrx_word' id='word_1_240' title='bbox 1094 4294 1324 4357; x_wconf 74' lang='lat' dir='ltr'><strong>Pressuram.</strong></span> 
     </span>
    </p>
   </div>
   <div class='ocr_carea' id='block_1_19' title="bbox 162 4404 1358 4574">
    <p class='ocr_par' dir='ltr' id='par_1_19' title="bbox 162 4404 1358 4574">
     <span class='ocr_line' id='line_1_41' title="bbox 202 4404 1358 4472; baseline -0.004 -1"><span class='ocrx_word' id='word_1_241' title='bbox 202 4406 317 4471; x_wconf 89' lang='lat' dir='ltr'><strong>Sancti</strong></span> <span class='ocrx_word' id='word_1_242' title='bbox 350 4404 524 4469; x_wconf 90' lang='lat' dir='ltr'><strong>hieronimi</strong></span> <span class='ocrx_word' id='word_1_243' title='bbox 552 4426 612 4469; x_wconf 91' lang='lat' dir='ltr'><strong>nos</strong></span> <span class='ocrx_word' id='word_1_244' title='bbox 637 4407 772 4469; x_wconf 92' lang='lat' dir='ltr'><strong>domine</strong></span> <span class='ocrx_word' id='word_1_245' title='bbox 796 4405 952 4472; x_wconf 91' lang='lat' dir='ltr'><strong>natalicia</strong></span> <span class='ocrx_word' id='word_1_246' title='bbox 984 4406 1100 4469; x_wconf 90' lang='lat' dir='ltr'><strong>uotiua</strong></span> <span class='ocrx_word' id='word_1_247' title='bbox 1122 4405 1308 4468; x_wconf 86' lang='lat' dir='ltr'><strong>laetificent.</strong></span> <span class='ocrx_word' id='word_1_248' title='bbox 1324 4416 1358 4467; x_wconf 92' lang='lat' dir='ltr'><strong>et</strong></span> 
     </span>
     <span class='ocr_line' id='line_1_42' title="bbox 162 4491 944 4574; baseline 0.003 -23"><span class='ocrx_word' id='word_1_249' title='bbox 162 4510 235 4555; x_wconf 88' lang='lat' dir='ltr'><strong>suae</strong></span> <span class='ocrx_word' id='word_1_250' title='bbox 251 4491 421 4556; x_wconf 88' lang='lat' dir='ltr'><strong>beneficiis</strong></span> <span class='ocrx_word' id='word_1_251' title='bbox 437 4494 681 4556; x_wconf 89' lang='lat' dir='ltr'><strong>intercessionis</strong></span> <span class='ocrx_word' id='word_1_252' title='bbox 697 4493 861 4558; x_wconf 89' lang='lat' dir='ltr'><strong>attollant.</strong></span> <span class='ocrx_word' id='word_1_253' title='bbox 878 4512 944 4574; x_wconf 91' lang='lat' dir='ltr'><strong>per.</strong></span> 
     </span>
    </p>
   </div>
   <div class='ocr_carea' id='block_1_20' title="bbox 0 0 1541 5092">
    <p class='ocr_par' dir='ltr' id='par_1_20' title="bbox 0 0 1541 5092">
     <span class='ocr_line' id='line_1_43' title="bbox 0 0 1541 5092; baseline 0 0"><span class='ocrx_word' id='word_1_254' title='bbox 0 0 1541 5092; x_wconf 95' lang='lat' dir='ltr'><strong> </strong></span> 
     </span>
    </p>
   </div>
  </div>
 </body>
</html>
