3046 5092
431 338 487 388 DE
513 338 690 389 COMPUY'O
714 337 1014 389 ECCLESIASTICO.
1293 352 1325 404 39

125 501 201 574 post
217 501 352 556 centum
368 490 493 573 pascha
508 491 590 554 scire
606 491 696 553 uelis.
713 500 869 572 aepactas
885 501 1016 554 tantum
1040 503 1074 555 et
1091 503 1323 557 concurrentes

126 579 205 641 solis
221 581 291 642 dies
304 579 453 640 inuenire
469 578 589 640 sufficit
605 577 674 640 tibi.
693 578 817 640 Partire
834 588 944 641 autem
961 600 1050 661 cper
1065 581 1127 642 xix
1152 591 1324 644 remanent

125 689 153 729 v.
170 666 243 727 illas
258 684 338 747 ergo
354 674 509 746 aepactas
524 666 707 726 centesimo
718 685 801 746 quas
813 666 930 747 quinto
945 686 1033 728 anno
1043 666 1177 730 futuras.
1192 668 1320 730 Eodem

129 753 230 815 modo
260 773 278 815 c
308 772 367 834 per
396 753 439 813 vii
470 752 583 815 diuide
614 753 760 814 adiciens
791 763 943 832 quartam
974 764 1102 834 partem
1143 755 1321 817 centenarii

127 840 256 902 numeri
286 850 319 901 et
343 848 498 920 aepactas
524 837 603 900 solis
627 840 855 919 praecedentis
886 840 963 900 anni
1001 842 1154 921 quotiens
1188 862 1255 904 una
1288 842 1322 903 in

127 928 292 1009 praesenti
319 946 408 988 anno
433 944 499 987 non
525 926 709 988 occurrerit.
736 946 792 987 eas
816 927 997 989 centesimo
1020 947 1102 1008 quas
1130 929 1204 990 xvi0
1233 948 1322 990 anno

127 1023 360 1077 concurrentes
376 1012 454 1074 solis
470 1013 626 1074 inuenies.

172 1099 207 1164 Si
233 1101 283 1162 uis
309 1101 456 1162 inuenire
479 1108 710 1162 concurrentes
733 1099 766 1161 in
791 1096 844 1172 xil
866 1099 920 1160 kal
944 1100 1054 1180 aprilis
1078 1101 1205 1181 require
1229 1110 1262 1163 et
1289 1100 1322 1163 in

127 1184 274 1268 aequalil
289 1186 369 1248 seria
392 1187 428 1249 ix
452 1185 515 1248 kal.
538 1186 651 1267 aprilis
676 1187 847 1248 euenerint
874 1197 922 1248 tot
947 1198 1180 1250 concurrentes
1203 1189 1322 1251 eodem

126 1294 215 1337 anno
230 1272 375 1336 habebis.

171 1361 216 1423 Et
232 1362 364 1442 qualem
382 1359 494 1422 lunam
511 1361 544 1422 in
561 1360 598 1421 xi
615 1359 677 1421 kal.
694 1359 807 1440 aprilis
830 1360 996 1422 inueneris
1019 1361 1121 1423 talem
1147 1370 1320 1443 aepactam

125 1446 263 1510 habebis
278 1448 397 1510 eodem
413 1467 511 1509 anno,

171 1534 292 1596 Annus
308 1535 494 1596 communis
509 1533 610 1595 habet
626 1533 696 1595 dies
713 1532 836 1597 cccliiii.

171 1620 292 1683 Annus
307 1620 422 1683 solaris
437 1620 538 1683 habet
554 1621 625 1682 dies
640 1620 764 1682 ccclxv.

169 1707 291 1771 Annus
306 1707 493 1770 embolismi
509 1705 610 1769 habet
625 1708 696 1769 dies
711 1706 891 1781 ccclxxvi.†

126 1882 253 1944 scilicet
269 1883 358 1944 xxix
381 1881 637 1944 obseruandam¹
655 1881 803 1942 maxime
825 1891 1022 1944 censuerunt
1054 1891 1091 1944 ut
1113 1901 1324 1963 quocumque

127 1987 241 2031 eorum
254 1967 309 2030 die
324 1968 403 2030 luna
418 1979 498 2030 nata
514 1967 612 2029 fuerit
627 1967 747 2030 efficiat
764 1968 908 2050 primum
933 1968 1055 2030 mensis
1079 1968 1206 2030 initium
1231 1969 1323 2030 cuius

126 2142 205 2204 luna
222 2142 289 2204 xvi.
313 2141 528 2204 festiuitatem
553 2140 744 2222 paschalem
768 2142 838 2203 sine
865 2142 1083 2223 ambiguitate
1109 2140 1321 2203 caclebrabis.

128 2229 241 2290 xiiiiam
258 2248 356 2310 porro
381 2228 459 2289 luna
484 2228 607 2289 mensis
622 2227 770 2289 eiusdem
787 2248 806 2289 a
823 2249 869 2290 xv
885 2227 947 2290 kal.
972 2248 1038 2310 apr.
1064 2229 1223 2309 usquein
1248 2228 1322 2289 xvi⁰

127 2315 191 2378 kal.
208 2316 284 2377 mai.
301 2314 521 2378 adserendum
537 2333 609 2376 esse
625 2316 832 2377 seruandam.

171 2400 296 2465 Sancta
332 2400 469 2463 sinodus
506 2399 563 2462 ubi
600 2401 739 2463 cccxviii
770 2400 942 2481 pontifices
979 2402 1035 2483 qui
1073 2402 1160 2482 apud
1193 2401 1321 2463 niceam

125 2489 296 2551 ciuitatem
312 2486 487 2572 lbithiniae
496 2497 722 2550 conuenerunt
735 2488 930 2550 inlustrante
946 2489 1062 2569 spiritu
1078 2498 1194 2550 sancto
1205 2487 1260 2569 [so.
1272 2504 1321 2550 22.

126 2574 265 2638 firmiter
279 2585 470 2637 sanxerunt.
487 2572 529 2635 ab
551 2574 623 2637 viiia
646 2576 720 2636 idus
743 2584 836 2636 mart.
860 2595 964 2655 usque
988 2576 1020 2637 in
1044 2575 1132 2636 diem
1158 2595 1233 2637 non.
1255 2595 1322 2656 apr.

124 2663 215 2742 quod
241 2671 319 2723 sunt
345 2662 416 2723 dies
440 2661 529 2723 xxix
554 2661 804 2742 qualiscumque
829 2661 907 2724 luna
937 2671 1015 2724 nata
1045 2661 1142 2724 fuerit
1172 2661 1323 2744 perhibet

125 2748 233 2810 facere
248 2748 378 2810 initium
395 2749 492 2830 primi
508 2749 638 2810 mensis.

170 2834 315 2899 Sanctae
340 2835 519 2897 memoriae
546 2833 735 2916 theophilus
765 2834 1001 2897 alexandrinus
1032 2835 1206 2916 episcopus
1237 2835 1323 2897 datis

125 2921 274 3004 epistolis
291 2921 333 2984 ad
349 2921 559 2983 theodosium
577 2922 809 3003 imperatorem
833 2923 865 2983 in
889 2941 956 3002 quo
979 2922 1179 2984 adnuntians
1202 2920 1244 2982 ab
1267 2922 1322 2983 viii

125 3010 168 3071 id.
185 3028 265 3071 mar.
282 3028 387 3088 usque
404 3009 436 3069 in
453 3008 541 3070 diem
558 3027 633 3070 non.
651 3028 716 3089 apr.
733 3007 804 3070 dies
820 3007 944 3070 scilicet
968 3009 1055 3070 xxix
1071 3009 1321 3088 qualiscumque

126 3096 205 3157 luna
222 3104 301 3157 nata
316 3094 413 3157 suerit
429 3095 462 3156 in
479 3094 628 3174 quolibet
645 3095 755 3156 medio
770 3096 879 3176 spatio
895 3093 1045 3175 perhibet
1062 3094 1168 3157 lacere
1192 3095 1321 3157 initium

127 3269 193 3331 mai
215 3268 364 3331 sollerter
390 3268 509 3349 inquiri
537 3269 637 3330 etiam
662 3269 689 3329 si
717 3269 770 3330 die
797 3268 1010 3330 sabbatorum
1035 3268 1185 3330 inciderit
1208 3287 1323 3329 conse-

125 3356 242 3438 quenti
258 3355 312 3418 die
327 3355 502 3417 dominico
520 3355 552 3416 id
568 3364 619 3416 est
635 3354 713 3417 luna
729 3376 776 3416 xv
790 3354 914 3436 pascha
929 3354 1114 3417 caelebrare
1130 3355 1323 3436 conscripsit

124 3529 274 3591 euenerit
289 3529 361 3610 ipsa
372 3527 562 3590 ebdomada
571 3529 801 3590 transmissum
812 3529 853 3590 ad
868 3528 1006 3590 alterum
1018 3528 1106 3590 diem
1117 3529 1321 3591 dominicum

124 3614 250 3697 pascha
265 3614 450 3679 caelebrare
465 3616 537 3678 sine
552 3614 654 3678 dubio
669 3616 870 3696 conscripsit.

172 3702 235 3764 Est
264 3711 297 3764 et
321 3702 411 3765 aliud
445 3701 639 3784 exemplum
670 3701 712 3764 de
742 3702 836 3764 initio
866 3702 961 3784 primi
994 3702 1116 3764 mensis
1146 3712 1183 3763 ut
1220 3712 1323 3782 quota

126 3788 206 3850 luna
233 3787 329 3851 luerit
365 3789 398 3850 in
437 3788 501 3851 kal.
540 3790 603 3852 ian.
640 3798 692 3851 tot
728 3788 799 3852 dies
837 3789 879 3850 de
917 3808 1031 3850 mense
1069 3809 1149 3851 mar.
1187 3789 1218 3850 in
1258 3788 1322 3851 fine

123 3874 336 3956 computabis
362 3885 395 3938 et
421 3875 569 3937 inuenies
593 3874 706 3957 procul
731 3876 833 3938 dubio
860 3874 972 3937 lunam
1004 3885 1036 3937 et
1067 3876 1196 3938 initium
1225 3876 1320 3956 primi

125 3962 250 4024 mensis
266 3971 396 4042 praeter
411 3971 541 4024 tantum
552 3971 618 4024 tres
634 3970 761 4024 aetates
778 3961 874 4024 lunae
890 3961 953 4024 hoc
969 3971 1019 4024 est
1035 3964 1118 4024 xxvi
1135 3973 1168 4025 et
1184 3963 1272 4023 xxix
1288 3972 1323 4025 et

125 4048 231 4111 xxvii.

169 4132 370 4216 Quaerenda
381 4144 433 4197 cst
456 4135 613 4198 natiuitas
636 4134 713 4211 lune
736 4135 838 4196 xiiiiae
860 4134 903 4196 ab
925 4135 980 4197 viii
998 4135 1111 4198 iduum
1129 4135 1320 4197 martiarum

122 4222 279 4303 usquein
296 4241 371 4284 non.
388 4241 455 4304 apr,
471 4242 557 4303 quae
572 4222 668 4304 primi
691 4223 812 4283 mensis
836 4241 997 4284 nouorum
1021 4222 1150 4283 initium
1175 4222 1321 4285 ostendit

119 4330 141 4371 a
158 4309 224 4371 xiia
238 4328 318 4371 uero
334 4308 397 4371 kal.
410 4328 477 4390 apr.
488 4328 592 4390 usque
608 4308 641 4370 in
658 4308 722 4370 xiia
738 4307 801 4371 kal.
819 4309 891 4370 mai.
905 4309 937 4370 in
954 4327 1163 4389 quacumque
1179 4308 1233 4370 die
1248 4309 1308 4370 xiii

427 4520 435 4553 ¹
452 4524 556 4574 Altered
568 4533 595 4573 to
605 4523 785 4572 obseruandum
797 4524 829 4588 by
842 4525 903 4572 later
915 4523 991 4572 hand.
