3046 5092
428 347 519 397 DOM.
539 346 620 397 XIII.
641 347 737 397 POST
757 346 834 396 OCT.
855 346 1139 398 PENTECOSTEN.
1342 359 1388 408 129

640 532 703 596 Ad
712 532 938 615 complendum.

227 634 420 718 Quesumus
435 637 569 700 domine
586 638 667 699 deus
693 648 813 700 noster.
830 647 867 699 ut
891 657 974 719 quos
1000 638 1121 699 diuinis
1138 656 1291 719 reparare
1318 656 1383 697 non

183 723 308 785 desinis
338 725 561 785 sacramentis.
587 725 653 786 tuis
678 744 744 786 non
771 725 933 787 destituas
963 724 1126 806 benignus
1157 723 1297 786 auxiliis,
1327 742 1385 805 per

183 811 367 873 dominum.

650 930 757 1011 Super
762 930 925 1011 populum.

231 1031 362 1094 Fideles
393 1042 468 1094 tuos
499 1032 634 1094 domine
664 1054 843 1115 quesumus
873 1054 1010 1115 corpore
1050 1035 1172 1116 pariter
1202 1043 1235 1096 et
1273 1044 1385 1096 mente

186 1118 331 1200 purifica.
363 1130 399 1181 ut
430 1129 487 1181 tua
517 1121 733 1201 inspiratione
767 1122 954 1201 conpuncti.
994 1123 1114 1183 noxias
1148 1121 1385 1183 delectationes

186 1207 291 1267 uitare
307 1207 529 1286 praeualeant.
546 1219 646 1287 atque
663 1216 699 1269 ut
720 1227 834 1268 eorum
855 1228 920 1269 non
938 1209 1102 1289 accipiant
1131 1207 1301 1270 illecebras
1328 1217 1386 1269 tua

185 1311 318 1373 semper
332 1294 498 1355 suauitate
515 1305 703 1375 pascantur.
721 1314 779 1374 per
791 1294 973 1355 dominum.

339 1494 536 1557 Dosnmcn
553 1495 633 1557 XII.
652 1508 741 1558 Post
758 1493 929 1559 Oetaeas
955 1496 1234 1559 Pentecosten

276 1613 500 1696 Omnipotens
516 1617 717 1697 sempiterne
733 1617 815 1677 deus
831 1617 887 1696 qui
906 1615 1137 1678 habundantia
1160 1615 1293 1696 pietatis
1309 1624 1387 1676 tuae

184 1709 221 1763 et
247 1702 364 1763 merita
388 1701 574 1783 supplicum
598 1703 734 1764 excedis
760 1713 793 1763 et
810 1713 897 1764 uota.
923 1703 1056 1764 effunde
1072 1722 1171 1784 super
1187 1722 1247 1763 nos
1264 1703 1386 1763 miscri-

185 1789 336 1850 cordiam
361 1798 465 1850 tuam.
482 1800 519 1850 ut
547 1789 696 1851 dimittas
723 1809 808 1869 quae
833 1790 1035 1851 conscientia
1061 1790 1178 1851 metuit
1205 1799 1239 1851 et
1264 1790 1387 1850 adicias

186 1876 279 1956 quod
297 1876 404 1937 oratio
421 1896 487 1937 non
506 1877 694 1956 praesumit.
712 1897 770 1957 per
786 1877 957 1938 dominum
975 1887 1133 1938 nostrum.

722 2010 857 2075 Secreta.

234 2114 378 2196 Respice
416 2114 552 2176 domine
591 2134 770 2196 quesumus
805 2125 952 2178 nostram
990 2116 1152 2196 propitius
1186 2115 1387 2175 seruitutem.

187 2202 240 2282 s'nt
257 2201 347 2281 quod
371 2201 540 2263 offerimus
556 2203 599 2264 sit
623 2202 682 2263 tibi
707 2222 827 2264 munus
846 2215 1029 2283 acceptum.
1047 2204 1089 2263 sit
1113 2212 1246 2263 nostrae
1266 2200 1321 2281 [so.
1338 2216 1389 2278 93.

189 2286 378 2369 fragilitatis
395 2287 588 2351 subsidium.
605 2309 674 2371 per.

697 2425 877 2505 Praeferri).

234 2528 284 2592 II)
308 2538 442 2590 aeterne
464 2528 554 2592 deus.
615 2527 682 2611 Qui
708 2549 768 2591 nos
798 2529 994 2609 castigando
1020 2550 1118 2591 sanas
1145 2539 1179 2591 et
1210 2528 1391 2591 resouendo

189 2614 354 2696 benignus
379 2616 495 2677 erudis.
527 2617 605 2677 dum
640 2617 745 2697 magis
776 2617 826 2677 uis
857 2617 967 2678 saluos
994 2637 1066 2678 esse
1094 2627 1258 2679 correctos
1289 2635 1389 2695 quam

193 2703 296 2781 perire
312 2701 490 2783 neglectos.
509 2723 568 2784 per
583 2702 751 2765 christum.

639 2838 669 2901 Α
676 2839 701 2902 d
712 2840 936 2920 corrplendrrm.

234 2940 428 3005 Sentiamus
465 2942 600 3004 domine
638 2962 817 3023 quesumus
856 2944 902 3005 tui
942 2944 1155 3025 perceptione
1192 2941 1389 3004 sacramenti

196 3026 375 3090 subsidium
408 3031 529 3090 mentis
556 3040 590 3091 et
615 3031 768 3110 corporis.
801 3040 837 3091 ut
870 3031 901 3090 in
927 3042 1068 3110 utroque
1095 3031 1214 3092 saluati
1241 3029 1391 3091 caelestis

195 3116 328 3177 remedii
345 3114 552 3197 plenitudine
568 3115 753 3197 gloriemur.
771 3137 829 3198 per
844 3117 1018 3178 dominum
1035 3128 1194 3179 nostrum.

653 3251 761 3332 Super
765 3252 928 3332 populum.

235 3355 344 3418 Tuere
359 3355 495 3417 domine
512 3356 671 3437 populum
689 3366 783 3418 tuum
803 3367 836 3419 et
860 3356 1059 3418 salutaribus
1083 3355 1236 3418 remediis
1259 3375 1391 3437 semper

172 3442 350 3582 gdiutum.
378 3442 543 3504 beneficiis
566 3441 684 3516 atolle†
706 3444 878 3505 continuis.
900 3457 934 3505 et
960 3444 1081 3505 mentis
1097 3453 1131 3505 et
1153 3444 1306 3525 corporis.
1332 3463 1390 3523 per

208 3547 374 3591 ominum.

335 3727 532 3791 Doumrcn
549 3728 650 3791 XIII.
668 3741 757 3791 rosa
774 3725 946 3791 Ocrnaas
963 3726 1245 3791 Pentecosten

243 3849 462 3935 Omnipotens
477 3863 512 3915 et
528 3854 712 3915 misericors
728 3854 810 3915 deus
825 3855 867 3916 de
883 3854 975 3915 cuius
999 3872 1133 3914 munere
1161 3854 1251 3914 uenit
1278 3864 1314 3915 ut
1330 3853 1389 3914 tibi

154 3942 190 3985 a
227 3935 382 4001 fidelibus
403 3941 468 4001 tuis
484 3941 584 4021 digne
600 3950 632 4002 et
657 3939 866 4002 laudabiliter
890 3940 1059 4001 seruiatur.
1084 3940 1190 4001 tribue
1211 3959 1390 4019 quesumus

155 4022 290 4086 nobis
320 4037 356 4088 ut
380 4026 421 4087 ad
454 4028 689 4107 promissiones
712 4037 786 4088 tuas
816 4028 888 4088 sine
918 4025 1101 4088 offensione
1126 4046 1305 4089 curramus.
1332 4047 1390 4107 per

156 4096 367 4174 dominum
384 4124 543 4176 nostrum.

721 4225 858 4292 Secreta.

241 4326 378 4392 Hostias
416 4351 598 4412 quesumus
636 4331 771 4394 domine
802 4333 964 4415 propitius
998 4331 1133 4393 intende
1170 4351 1253 4412 quas
1291 4332 1391 4394 sacris

170 4398 351 4480 altaribus
367 4418 552 4482 eribemus
575 4428 613 4482 ut
628 4418 724 4482 nobis
741 4418 983 4502 indulgentiam
1004 4419 1175 4501 largiendo
1192 4429 1250 4480 tuo
1266 4419 1391 4480 nomini

180 4482 277 4565 dent
290 4503 461 4568 honorem.
477 4525 544 4588 per.

239 4594 430 4667 Joumors.
1236 4605 1262 4654 n
