3046 5092
244 325 294 383 ψ
561 314 674 367 mssa
696 314 938 367 sacanoorrs
954 314 1128 367 aronam.

733 474 830 538 lrsu
852 472 961 537 Aua

289 600 491 687 Suppliciter
515 612 550 667 te
575 602 723 686 piissime
748 600 846 687 [deus
869 611 965 686 pater
978 602 1193 686 omnipotens
1208 602 1267 685 qui
1283 600 1341 687 [io
1361 602 1449 666 182v.

244 710 280 753 es
295 700 425 754 creator
438 691 588 754 omnium
612 708 719 753 rerum
742 690 924 772 depraecor
938 698 975 754 ut
989 689 1070 753 dum
1095 708 1150 753 me
1172 688 1337 754 famulum
1355 698 1448 754 tuum

245 796 357 841 coram
373 777 618 861 omnipotentia
634 776 818 840 maiestatis
832 785 910 840 tuae
923 777 1070 859 grauiter
1083 776 1264 858 deliquisse
1280 775 1449 841 confiteor.

246 882 382 927 manum
409 863 652 927 misericordiae
677 872 755 927 tuae
780 862 861 926 mihi
888 862 1047 947 porrigas.
1061 873 1227 945 quatenus
1254 865 1337 927 dum
1363 863 1449 926 hanc

244 950 449 1014 oblationem
465 960 544 1016 tuae
557 949 675 1034 pietati
701 970 763 1034 pro
788 950 933 1033 peccatis
956 950 1039 1014 meis
1061 948 1173 1015 offero.
1189 950 1282 1032 quod
1299 950 1450 1033 nequiter

246 1037 375 1101 admisi.
389 1036 650 1115 clementissime
664 1037 812 1120 digneris
827 1035 1007 1101 absoluere
1024 1056 1091 1120 per.

777 1161 915 1226 Secreta.

290 1275 383 1339 Deus
407 1274 658 1338 misericordiae.
685 1275 768 1339 deus
791 1274 934 1356 pietatis
949 1273 1033 1337 deus
1054 1273 1292 1356 indulgentiae.
1316 1274 1451 1357 indulge

244 1381 370 1445 quaeso
383 1371 418 1425 et
434 1362 588 1424 miserere
608 1360 674 1424 mei
688 1360 774 1424 serui
791 1362 838 1424 tui
854 1370 889 1425 et
903 1359 1098 1425 sacrificium
1114 1360 1205 1443 quod
1222 1361 1360 1444 pietatis
1375 1371 1451 1426 tuae

244 1448 352 1532 gratia
374 1468 435 1532 pro
458 1448 603 1531 peccatis
627 1447 709 1511 meis
735 1446 840 1511 offero
864 1446 1030 1531 benignae
1053 1447 1198 1531 digneris
1222 1449 1403 1531 suscipere.
1415 1458 1449 1512 et

244 1544 383 1619 peccata
407 1553 494 1618 quae
520 1534 710 1598 labentibus
740 1533 830 1598 uitiis
859 1534 1021 1598 contraxi.
1046 1534 1120 1617 pius
1149 1544 1184 1597 et
1215 1536 1383 1619 propitius
1411 1554 1450 1598 ac

244 1622 418 1685 miseratus
433 1620 615 1704 indulgeas
624 1630 659 1685 et
669 1620 778 1684 locum
792 1621 1017 1704 poenitentiae
1031 1641 1071 1685 ac
1086 1620 1225 1685 flumina
1237 1622 1449 1685 lacrimarum

243 1708 413 1772 oculorum
452 1728 601 1772 meorum
638 1726 796 1772 concessa
833 1709 973 1772 ueniam.
1010 1727 1032 1771 a
1062 1716 1096 1771 te
1134 1727 1264 1772 merear
1301 1709 1450 1791 accipere

243 1794 448 1859 delictorum.
468 1814 534 1877 per.

751 1914 934 1995 Praefatio.

289 2026 339 2091 (i)
355 2046 414 2110 per
425 2026 585 2091 christum
594 2026 769 2090 dominum
782 2036 942 2092 nostrum.
986 2026 1053 2110 Qui
1069 2047 1130 2110 pro
1145 2046 1261 2091 amore
1276 2027 1449 2091 hominum

245 2111 347 2177 homo
377 2112 483 2177 factus
514 2114 547 2176 in
582 2113 833 2178 similitudinem
871 2113 979 2178 camis
1015 2114 1143 2197 peccati
1181 2112 1325 2178 formam
1364 2113 1449 2179 serui

245 2200 400 2263 dominus
414 2201 602 2284 assumpsit
618 2210 654 2265 et
676 2201 711 2264 in
737 2202 869 2283 speciae
892 2199 1064 2265 uulnerati
1080 2200 1229 2265 medicus
1256 2201 1448 2266 ambulauit

247 2286 314 2351 Hic
344 2286 439 2351 nobis
468 2288 625 2351 dominus
661 2297 696 2351 et
733 2288 884 2352 minister
912 2285 1036 2351 salutis.
1059 2287 1243 2351 aduocatus
1273 2298 1308 2352 et
1339 2288 1449 2352 iudex.

244 2375 399 2438 sacerdos
424 2383 459 2437 et
484 2373 689 2438 sacrificium.
736 2374 800 2438 Per
821 2373 909 2438 hunc
933 2384 966 2438 te
988 2384 1124 2438 sanctae
1139 2383 1235 2458 pater
1256 2375 1449 2458 suppliciter

245 2480 350 2523 exoro
376 2470 413 2523 ut
436 2462 516 2524 dum
542 2470 671 2524 reatum
697 2461 920 2524 conscientiae
951 2480 1045 2524 meae
1068 2480 1278 2543 recognosco.
1301 2461 1394 2543 quod
1417 2462 1448 2525 in

245 2549 429 2630 praeceptis
459 2549 524 2610 tuis
555 2547 795 2630 prauaricatori
824 2549 921 2610 extiti
952 2560 985 2610 et
1016 2569 1074 2630 per
1100 2548 1297 2611 delictorum
1324 2548 1449 2610 facinus

245 2636 350 2696 corrui
379 2637 410 2696 in
438 2637 574 2697 ruinam.
620 2634 672 2697 Tu
701 2656 754 2697 me
781 2635 916 2697 domine
943 2636 1038 2716 erige.
1055 2655 1153 2716 quem
1183 2635 1296 2716 lapsus
1322 2637 1448 2717 peccati

246 2723 432 2803 prostrauit.
481 2722 648 2783 lnlumina
660 2742 794 2784 caecum
810 2742 910 2803 quem
927 2720 1045 2784 terrae¹
1061 2732 1273 2803 peccatorum
1290 2723 1449 2804 caligines

245 2810 512 2871 obscurauerunt.
560 2809 661 2873 Solue
685 2808 911 2891 compeditum
940 2830 1039 2890 quem
1064 2806 1213 2882 uinculo†
1234 2821 1447 2891 peccatorum

245 2897 484 2977 constringunt.
554 2897 689 2959 Praesta
734 2916 792 2977 per
829 2907 981 2958 sanctum
1021 2907 1054 2958 et
1092 2896 1281 2977 gloriosum.
1321 2906 1356 2959 et
1395 2896 1451 2958 ad·

244 2983 420 3063 forandum
438 2984 541 3045 iesum
558 2982 730 3044 dominum
747 2993 905 3045 nostrum.
922 3003 1021 3063 quem
1039 2983 1183 3045 laudaut.
1303 2982 1362 3065 [so.
1384 2986 1449 3063 183.

709 3116 809 3195 Infra
825 3117 987 3179 actionem.

290 3228 387 3291 Hanc
405 3229 504 3310 igitur
519 3228 722 3291 oblationem
751 3249 850 3309 quarn
876 3230 934 3292 tibi
958 3228 1061 3291 offero
1077 3230 1212 3291 domine
1228 3250 1289 3311 pro
1306 3232 1451 3312 peccatis

246 3315 326 3377 meis
343 3316 452 3377 nimiis
475 3325 508 3378 et
533 3316 770 3378 offensionibus
799 3317 1005 3378 maiestatem
1024 3327 1114 3379 tuam
1132 3317 1211 3378 totis
1228 3317 1354 3379 uiribus
1371 3318 1452 3379 deus

244 3403 391 3483 piissime
416 3403 530 3464 humili
548 3424 664 3484 praece
680 3405 836 3484 deposco
854 3414 890 3464 ut
916 3404 1092 3484 dignanter
1112 3405 1275 3484 suscipias
1291 3424 1399 3466 exoro
1414 3415 1449 3466 ut

246 3491 394 3551 remittas
411 3490 549 3551 crimina
564 3511 649 3570 quae
677 3491 782 3551 carnis
807 3489 984 3570 fragilitate
1007 3491 1134 3551 admisi.
1152 3491 1253 3552 etiam
1271 3493 1391 3553 reuerti
1408 3492 1448 3553 ad

245 3597 284 3636 ea
315 3596 380 3637 non
409 3577 505 3637 sinas
567 3578 633 3640 Sed
669 3576 828 3639 confirma
854 3598 906 3638 me
938 3578 969 3637 in
1001 3576 1289 3639 iustificationibus
1323 3580 1388 3640 tuis
1418 3594 1449 3639 et

245 3663 522 3743 perseuerantiam
556 3663 636 3725 mihi
659 3663 766 3726 tribue
790 3665 821 3724 in
847 3664 917 3725 illis.
965 3663 1008 3724 Et
1040 3662 1090 3725 sac
1122 3684 1175 3725 me
1205 3664 1348 3746 dignum
1376 3675 1451 3727 ante

245 3761 460 3830 conspectum
492 3761 585 3812 tuum
612 3752 750 3813 adstare.
776 3762 808 3812 et
836 3749 1030 3812 sacrificium
1056 3751 1115 3812 tibi
1140 3761 1234 3812 casto
1257 3772 1396 3833 corpore
1418 3764 1449 3812 et

247 3839 372 3899 mundo
388 3837 487 3899 corde
511 3838 612 3919 digne
640 3835 763 3899 offerre.
780 3857 960 3918 quesumus
987 3838 1122 3899 domine
1146 3849 1181 3899 ut
1199 3837 1352 3918 placatus
1368 3839 1448 3900 acci·

245 3943 323 4003 pras.

698 4044 761 4107 Ad
771 4045 996 4125 corrrplendnm.

289 4155 380 4218 Deus
405 4158 460 4238 qui
487 4158 638 4220 uiuorum
665 4178 700 4220 es
726 4158 872 4220 saluator
898 4158 1047 4219 omnium
1075 4158 1130 4237 qui
1156 4177 1222 4219 non
1240 4159 1290 4219 uis
1308 4169 1444 4221 mortem

244 4245 426 4324 peccatoris
451 4264 510 4305 nec
538 4244 670 4307 laetaris
695 4246 727 4306 in
755 4245 940 4326 perditione
969 4245 1180 4306 morientium
1205 4255 1238 4306 te
1258 4246 1445 4327 suppliciter

242 4331 430 4411 depraecor.
447 4340 484 4393 ut
507 4333 672 4395 concedas
698 4330 777 4393 mihi
805 4333 936 4393 ueniam
964 4332 1160 4394 delictorum
1185 4341 1277 4394 utet
1303 4332 1444 4395 admissa

764 4472 771 4504 ¹
791 4476 840 4524 For
852 4481 936 4525 tetrae.
