3046 5092
536 284 626 334 DOM.
656 283 678 334 I.
706 282 803 333 POST
822 280 874 332 NA
881 281 908 331 Τ.
936 279 1086 332 DOMINI.

765 469 856 532 Alia.

257 581 392 642 Praesta
418 589 598 662 quesumus
628 580 811 643 misericors
827 581 918 645 deus.
942 589 979 643 ut
1006 580 1047 642 ad
1073 577 1319 661 suscipiendum
1351 575 1409 640 filii

212 668 259 729 tui
276 667 441 747 singulare
468 668 671 749 mysterium.
688 677 722 730 et
738 677 866 730 mentes
891 667 1095 731 credentium
1115 675 1358 751 praeparentur.
1376 673 1410 726 et

212 774 278 815 non
292 754 496 816 credentium
515 754 615 817 corda
631 754 822 818 subdantur.
840 775 897 836 per
911 755 1064 817 eundem.

766 891 858 957 Alia.

257 1003 479 1084 Omnipotens
495 1002 695 1085 sempiterne
710 1003 800 1066 deus.
821 1014 949 1067 creator
963 1004 1129 1067 humanae
1150 1004 1411 1084 reformatorque

213 1099 358 1152 naturae.
381 1110 480 1170 quam
505 1092 694 1171 unigenitus
718 1102 793 1153 tuus
819 1092 850 1154 in
876 1102 970 1153 utero
994 1102 1173 1174 perpetuae
1199 1091 1336 1172 uirginis
1359 1109 1412 1151 as·

213 1177 362 1258 sumpsit.
388 1178 513 1258 respice
536 1198 596 1239 nos
620 1179 790 1259 propitius.
807 1188 843 1241 ut
866 1176 922 1240 filii
939 1179 986 1240 tui
1008 1179 1233 1241 incarnatione
1255 1186 1412 1258 suscepta

213 1264 299 1326 inter
314 1263 416 1345 ipsius
432 1265 582 1327 membra
599 1284 785 1328 mereamur
801 1266 973 1328 numerari.
990 1285 1049 1348 per
1060 1267 1213 1329 eundem.

528 1472 596 1535 Kr..
621 1473 699 1535 Ian.
746 1470 924 1536 Ocenuns
949 1473 1108 1537 Donrur.

258 1611 350 1673 Deus
365 1610 421 1691 qui
438 1609 533 1672 nobis
549 1610 617 1672 nati
637 1608 811 1672 saluatoris
827 1611 915 1673 diem
931 1608 1117 1673 caelebrare
1141 1611 1296 1675 concedis
1320 1621 1413 1674 octa·

213 1717 300 1759 uum.
328 1696 379 1759 lac
406 1717 466 1758 nos
493 1716 673 1778 quesumus
696 1698 766 1759 eius
788 1706 947 1778 perpetua
970 1698 1144 1760 diuinitate
1170 1698 1296 1760 muniri.
1318 1699 1414 1762 cuius

213 1805 326 1846 sumus
350 1783 471 1845 carnali
499 1783 697 1846 commercio
718 1784 867 1865 reparati.
888 1804 946 1866 per
968 1785 1111 1848 eundem
1139 1785 1311 1848 dominum
1336 1805 1414 1849 nos·

213 1880 308 1933 trum.

745 1982 882 2047 Secreta.

259 2095 393 2156 Praesta
412 2113 592 2175 quesumus
611 2092 748 2156 domine
774 2103 810 2157 ut
827 2115 885 2175 per
911 2094 992 2157 haec
1020 2114 1157 2157 munera
1172 2112 1258 2177 quae
1283 2095 1413 2158 domini

214 2181 317 2242 nostri
343 2182 411 2243 iesu
439 2180 550 2243 christi
575 2179 739 2243 archanae
755 2181 939 2244 natiuitatis
956 2182 1114 2262 mysterio
1129 2183 1283 2264 gerimus.
1299 2181 1415 2265 purifi·

214 2278 308 2330 eatae
324 2268 444 2330 mentis
461 2266 681 2348 intelligentia
695 2287 946 2349 consequamur.
963 2289 1021 2351 per
1043 2269 1195 2332 eundem.

722 2404 901 2483 Praefatio.
986 2449 987 2452 ,

260 2516 324 2597 no
341 2526 474 2579 aeterne
490 2517 580 2578 deus.
634 2515 736 2578 Cuius
752 2516 852 2579 hodie
864 2517 1119 2580 circumcisionis
1136 2518 1223 2580 diem
1236 2527 1269 2580 et
1289 2517 1345 2600 [so.
1365 2535 1381 2597 3
1387 2533 1417 2599 5.

216 2605 399 2667 natiuitatis
416 2613 570 2665 octauum
587 2603 812 2666 caelebrantes
822 2612 879 2664 tua
891 2604 1025 2665 domine
1036 2604 1197 2666 mirabilia
1210 2624 1416 2668 ueneramur.

216 2693 293 2773 quia
303 2711 388 2772 quae
404 2692 530 2771 peperit
547 2700 579 2752 et
597 2697 702 2751 mater
717 2700 750 2752 et
767 2691 860 2770 uirgo
875 2700 932 2752 est.
950 2692 1004 2771 qui
1022 2700 1118 2753 natus
1135 2701 1192 2753 est.
1208 2703 1241 2753 et
1258 2692 1367 2755 infans
1383 2703 1417 2756 et

215 2786 297 2840 deus
314 2788 371 2840 est.
411 2777 532 2838 Merito
542 2777 622 2839 caeli
634 2776 733 2837 locuti
745 2786 829 2838 sunt.
840 2778 948 2858 angeli
959 2779 1123 2858 gratulati.
1134 2789 1283 2859 pastores
1294 2780 1417 2843 laetati.

218 2866 305 2946 magi
323 2867 449 2927 mutati.
466 2884 558 2945 reges
581 2864 712 2925 turbati.
730 2864 857 2944 paruuli
876 2865 1020 2944 gloriosa
1042 2866 1194 2946 passione
1210 2869 1368 2930 coronati.
1384 2879 1419 2930 et

215 2954 298 3015 ideo,

667 3061 729 3124 Ad
739 3062 962 3143 complendum.

262 3178 394 3238 Praesta
417 3195 595 3255 quesumus
618 3175 753 3236 domine
784 3184 820 3237 ut
850 3177 938 3255 quod
970 3174 1144 3237 saluatoris
1170 3177 1272 3238 nostri
1300 3177 1420 3241 iterata

217 3264 462 3343 sollempnitate
481 3261 695 3343 percepimus.
712 3271 870 3343 perpetue
896 3261 990 3324 nobis
1015 3263 1252 3343 redemptionis
1268 3263 1421 3328 conserat

217 3351 424 3412 medicinam.
441 3370 498 3430 per
514 3351 665 3411 eundem.

693 3458 760 3520 Ad'
767 3469 939 3539 uesperum.

263 3573 485 3654 Omnipotens
510 3572 708 3652 sempiterne
734 3572 815 3632 deus
841 3574 898 3652 qui
929 3581 1006 3634 tuae
1035 3593 1169 3635 mensae
1193 3574 1372 3656 participes
1401 3597 1422 3638 a

218 3659 400 3735 diabolical
424 3660 515 3721 iubes
532 3660 696 3721 abstinere
712 3659 885 3720 conuiuio:
910 3660 953 3721 da
981 3679 1161 3740 quesumus
1187 3661 1274 3741 plebi
1298 3673 1356 3724 tue
1384 3674 1423 3726 ut

218 3746 351 3830 gustae†
368 3747 554 3808 mortiferae
571 3745 778 3825 profanitatis
789 3745 918 3808 abiecto
934 3748 1024 3826 puris
1041 3747 1208 3809 mentibus
1223 3750 1266 3812 ad
1282 3750 1424 3831 aepulas

217 3845 350 3912 aeterne
366 3835 481 3896 salutis
497 3835 642 3895 accedat.
658 3852 716 3912 per
732 3832 903 3894 dominum
921 3844 1077 3896 nostrum.

451 4040 647 4102 Dournrca
673 4038 697 4101 1.
722 4038 816 4101 Post
840 4038 996 4102 Names
1020 4042 1178 4104 Donum.

264 4170 355 4233 Deus
378 4170 434 4250 qui
457 4168 572 4230 salutis
595 4177 748 4229 aeternae
771 4167 888 4228 beatae
911 4169 1033 4231 mariae
1056 4171 1247 4252 uirginitate
1279 4171 1425 4235 secunda

220 4256 365 4319 humano
382 4258 492 4336 generi
510 4256 655 4336 praemia
667 4253 859 4334 praetulisti.
870 4255 976 4317 tribue
986 4277 1166 4336 quesumus
1183 4268 1219 4320 ut
1236 4258 1343 4339 ipsam
1362 4280 1424 4341 pro

220 4343 315 4406 nobis
332 4344 532 4405 intercedere
555 4341 744 4403 sentiamus.
762 4361 933 4422 perquam
951 4344 1130 4407 meruimus
1146 4354 1316 4408 auctorem
1332 4348 1426 4411 uitae

218 4432 391 4511 suscipere.
407 4430 579 4493 dominum
597 4438 745 4490 nostrum
762 4428 866 4490 iesum
883 4429 1050 4494 christum.
