3046 5092
393 360 510 411 HEBD.
540 360 595 411 ΙΙΙ.
628 360 765 424 QUADR.
813 361 926 410 FERIA
956 359 1025 410 III..
1078 406 1081 412 .

603 562 723 625 Fumi
748 561 813 627 111.

158 698 293 762 Exaudi
321 718 381 761 nos
407 700 621 781 omnipotens
648 709 682 763 et
707 701 892 763 misericors
922 701 1004 764 deus
1030 709 1064 764 et
1088 700 1313 764 continentiae

113 785 267 848 salutaris
283 788 450 870 propitius
466 787 563 851 nobis
579 788 669 851 dona
684 788 839 850 concede.
856 807 922 870 per.

646 920 784 985 Secreta.

158 1029 221 1091 Per
258 1028 339 1093 haec
379 1032 494 1095 ueniat
530 1052 710 1113 quesumus
750 1033 886 1095 domine
927 1043 1133 1095 sacramenta
1179 1041 1310 1095 nostrae

114 1117 352 1198 redemptionis
375 1117 521 1182 effectus
548 1120 605 1200 qui
628 1138 689 1180 nos
712 1129 745 1181 et
768 1121 811 1181 ab
834 1119 988 1181 humanis
1012 1120 1156 1182 retrahat
1182 1139 1312 1201 semper

113 1205 315 1266 excessibus.
331 1216 365 1268 et
381 1206 423 1268 ad
440 1205 597 1269 salutaria
612 1215 732 1268 cuncta
748 1208 916 1288 perducat.
933 1227 991 1288 per
1006 1208 1187 1269 dominum.

624 1343 804 1425 Praefatio.

156 1452 222 1536 iffi
238 1463 371 1517 aeterne
387 1455 479 1518 deus.
526 1453 592 1537 Qui
608 1458 818 1537 peccantium
840 1476 906 1519 non
931 1457 981 1520 uis
1003 1457 1132 1519 animas
1156 1455 1213 1538 [fo.
1235 1472 1309 1536 49v.

111 1541 218 1622 perire
255 1544 313 1604 sed
344 1543 466 1623 culpas.
491 1554 525 1606 et
558 1553 734 1626 peccantes
759 1564 824 1607 non
848 1545 1007 1606 continuo
1030 1544 1161 1605 iudicas
1185 1544 1242 1605 sed
1267 1543 1309 1605 ad

112 1628 352 1708 poenitentiam
379 1632 592 1711 prouocatus¹
618 1641 786 1712 expectas.
832 1629 960 1693 Auerte
982 1650 1162 1711 quesumus
1178 1649 1198 1690 a
1213 1628 1310 1691 nobis

111 1733 213 1794 quam
245 1734 409 1778 meremur
440 1719 530 1780 iram.
560 1726 594 1781 et
623 1737 724 1799 quam
756 1726 911 1799 optamus
941 1737 1040 1799 super
1077 1737 1138 1778 nos
1175 1714 1310 1778 effunde

110 1803 331 1864 clementiam.
348 1816 385 1864 ut
400 1823 493 1867 sacro
509 1803 670 1885 purificati
687 1806 815 1866 ieiunio.
832 1803 1012 1866 electorum
1029 1813 1160 1867 tuorum
1177 1804 1309 1867 adscisi²

111 1907 300 1951 mereamur
311 1889 460 1972 collegio
476 1911 536 1974 per
550 1891 720 1955 christum.

566 2025 629 2088 Ad
638 2025 863 2106 complendum.

155 2134 266 2200 Sacris
290 2137 426 2199 domine
449 2138 615 2218 mysteriis
636 2139 773 2221 expiati.
798 2149 833 2202 et
856 2139 989 2201 ueniam
1012 2158 1254 2220 consequamur
1276 2147 1309 2201 et

111 2224 263 2305 gratiam
280 2244 339 2305 per
354 2224 537 2305 dominum.

575 2335 683 2418 Super
688 2337 853 2419 populum.

154 2446 231 2509 Tua
257 2467 318 2509 nos
343 2447 479 2509 domine
506 2449 714 2528 protectione
740 2448 890 2511 defende.
921 2458 955 2511 et
985 2449 1029 2511 ab
1058 2449 1149 2510 omni
1179 2468 1311 2531 semper

110 2533 288 2615 iniquitate
304 2535 442 2596 custodi.
459 2554 518 2617 per
533 2536 707 2598 dominum
724 2546 881 2597 nostrum.

588 2711 709 2775 Fanni
743 2711 827 2775 1111.

153 2849 290 2912 Praesta
305 2849 402 2912 nobis
417 2869 597 2930 quesumus
612 2850 748 2912 domine
763 2860 800 2912 ut
815 2848 1014 2912 salutaribus
1038 2848 1166 2911 ieiuniis
1189 2848 1309 2912 eruditi

105 2957 128 2999 a
144 2937 255 2998 noxiis
271 2956 404 3017 quoque
427 2938 515 2999 uitiis
539 2936 750 3000 abstinentes,
774 2938 1043 3019 propitiationem
1067 2946 1158 2998 tuam
1183 2934 1310 2999 facilius

105 3026 331 3105 impetremus.
350 3044 408 3105 per
422 3024 605 3087 dominum.

642 3134 779 3199 Secreta.

152 3243 293 3326 Suscipe
308 3265 487 3327 quesumus
503 3246 638 3309 domine
654 3266 788 3327 praeces
804 3245 919 3328 popuii
932 3246 980 3308 tui
996 3266 1071 3307 cum
1084 3244 1309 3308 oblationibus

103 3333 299 3480 hostiaqum.
316 3343 350 3395 et
366 3343 423 3395 tua
439 3334 598 3414 mysteria
613 3334 838 3396 caelebrantes
854 3333 897 3396 ab
912 3333 1067 3395 omnibus
1083 3352 1144 3394 nos
1166 3333 1308 3396 deiende

104 3439 220 3502 pericu
235 3439 270 3481 rs,
287 3439 354 3501 per.

621 3522 802 3602 Praefatio.

152 3634 202 3697 (D
217 3643 353 3696 aeterne
364 3633 456 3696 deus
498 3632 673 3714 Tuamque
689 3634 947 3696 misericordiam
958 3631 1150 3715 suppliciter
1160 3652 1306 3695 exorare.

101 3730 144 3784 ut
160 3721 356 3782 ieiuniorum
373 3730 560 3782 nostrorum
584 3732 795 3783 sacrosancta
818 3721 977 3802 mysteria
1000 3729 1077 3783 tuae
1100 3721 1166 3783 sint
1190 3721 1306 3801 pietati

99 3827 238 3887 semper
261 3814 406 3886 accepta.
451 3806 690 3888 Concedasque
715 3817 752 3870 ut
776 3827 917 3888 quorum
942 3827 1079 3888 corpora
1107 3808 1307 3882 abstinentie

100 3894 339 3957 obseruatione
363 3904 579 3957 macerantur.
614 3903 743 3956 mentes
766 3915 898 3976 quoque
920 3894 1097 3956 uirtutibus
1129 3903 1163 3956 et
1185 3893 1306 3954 caeles-

101 3980 197 4045 tibus
212 3980 375 4043 institutis
390 3991 604 4044 exornentur.
621 4001 680 4063 per
695 3981 854 4043 christum
870 3983 1044 4044 dominum
1062 3995 1220 4043 nostrum.

555 4114 617 4179 Ad
626 4115 855 4198 complendum.

149 4224 346 4292 Sanctifieet
369 4245 430 4289 nos
454 4246 634 4308 quesumus
660 4226 796 4290 domine
830 4246 897 4307 qua
932 4226 1019 4307 pasti
1050 4245 1163 4288 sumus
1190 4245 1306 4288 mensa

99 4314 268 4378 caelestis.
284 4322 354 4376 eta
376 4314 504 4376 cunctis
519 4313 683 4376 erroribus
706 4314 862 4395 expiatos
885 4314 1037 4394 supernis
1058 4311 1149 4396 [pro-
1171 4311 1230 4394 [so.
1255 4328 1304 4393 50.

100 4399 319 4465 missionibus
336 4399 452 4462 reddat
468 4409 632 4483 acceptos.
648 4420 715 4482 per.

269 4534 278 4566 ¹
296 4534 346 4584 For
352 4541 502 4599 prouocatos.
905 4531 916 4565 ²
932 4534 980 4585 For
993 4535 1093 4585 adsciri.
