3046 5092
503 339 649 390 MENSIS
662 339 826 390 SEPTIMI
838 340 952 389 FERIA
975 339 1018 389 VI.
1316 348 1362 400 133

679 513 861 594 Praefatio.

205 623 255 688 (f)
283 632 416 687 aeterne
440 625 531 689 deus.
577 624 643 708 Qui
669 646 730 688 nos
754 625 830 688 ideo
853 623 1000 688 collectis
1015 634 1122 688 terrae
1139 621 1286 705 frugibus
1302 644 1360 705 per

159 710 398 775 abstinentiam
422 713 482 775 tibi
509 717 632 794 gratias
662 732 760 793 agere
787 712 929 775 uoluisti.
946 722 983 774 ut
1006 732 1050 774 ex
1076 713 1148 794 ipso
1172 711 1361 773 deuotionis

160 816 281 879 genere
308 819 527 862 nosceremus.
566 819 632 862 non
671 800 754 863 haec
789 800 832 862 ad
867 798 1122 862 exuberantiam
1154 796 1359 879 corporalem

160 884 219 946 sed
243 885 285 947 ad
314 884 501 967 fragilitatis
530 887 807 949 sustentationem
832 906 893 947 nos
921 887 1112 968 percepisse.
1138 893 1175 947 ut
1201 884 1291 966 quod
1316 904 1361 946 ex

160 970 211 1032 his
240 973 369 1053 parcius
392 992 604 1035 sumeremus.
631 974 800 1054 egentium
832 972 1005 1055 proficeret
1034 970 1209 1034 alimentis.
1256 970 1301 1033 Et
1324 981 1361 1034 ut

161 1057 315 1121 salutaris
337 1060 512 1141 castigatio
542 1060 753 1123 mortalitatis
776 1060 986 1122 insolentiam
1014 1060 1189 1140 mitigaret.
1204 1068 1238 1120 et
1255 1058 1362 1139 pietas

162 1143 326 1224 largitoris
353 1166 414 1208 nos
441 1156 518 1209 tuae
542 1146 740 1228 benignitati
764 1148 1017 1209 commendatos
1043 1146 1194 1208 efficeret.
1240 1144 1361 1226 Sicque

160 1231 257 1293 donis
288 1242 455 1295 uteremur
490 1234 696 1296 transitoriis.
731 1243 768 1296 ut
798 1233 999 1296 disceremus
1029 1231 1156 1295 inhiare
1185 1232 1362 1314 perpetuis.

163 1315 225 1380 Per
239 1318 399 1381 christum
416 1320 589 1383 dominum
607 1331 765 1383 nostrum.

615 1452 646 1516 A
650 1453 677 1516 d
686 1452 910 1534 complendum.

203 1560 383 1626 Sumentes
395 1563 530 1626 domine
542 1563 631 1626 dona
640 1564 795 1627 caelestia
804 1564 996 1647 suppliciter
1005 1562 1196 1645 delpraeca-
1209 1560 1277 1644 [sol.
1287 1575 1360 1641 95v.

162 1669 234 1711 mur
250 1659 288 1711 ut
302 1670 388 1731 quae
403 1650 520 1712 sedula
534 1652 693 1714 seruitute
708 1651 854 1714 donante
870 1662 903 1714 te
919 1651 1069 1733 gerimus.
1087 1651 1195 1732 dignis
1211 1649 1362 1711 sensibus

160 1746 218 1798 tuo
235 1756 372 1799 munere
387 1738 567 1819 capiamus.
584 1758 649 1820 per.

722 1865 813 1928 Alia.

203 1968 338 2032 Adesto
371 1968 507 2032 domine
544 1969 748 2052 supplicibus
785 1969 851 2034 tuis
888 1978 922 2032 et
959 1989 1053 2051 spem
1092 1969 1197 2032 tuam¹
1235 1968 1266 2030 in
1305 1976 1363 2029 tua

158 2057 386 2119 misericordia
411 2057 613 2119 collocantes
638 2066 729 2118 tuere
755 2057 925 2138 propitius.
941 2067 979 2119 ut
1003 2077 1022 2119 a
1049 2066 1260 2138 peccatorum
1288 2053 1363 2117 labe

161 2143 322 2205 mundati.
351 2144 382 2206 in
416 2154 532 2206 sancta
562 2144 815 2206 conuersatione
846 2157 1069 2225 permaneant.
1102 2163 1161 2226 per
1189 2143 1362 2204 dominum

160 2239 321 2292 nostrum

625 2416 744 2479 Fama
766 2414 901 2480 Suxm.

204 2535 341 2599 Praesta
372 2556 551 2617 quesumus
575 2537 788 2619 omnipotens
814 2538 896 2600 deus
921 2545 956 2598 ut
980 2536 1228 2599 obseruationes
1254 2557 1364 2599 sacras

158 2643 271 2686 annua
287 2622 465 2687 deuotione
490 2622 678 2687 recolentes,
694 2632 727 2686 et
743 2644 879 2705 corpore
906 2623 966 2686 tibi
990 2623 1180 2704 placeamus
1195 2633 1229 2685 et
1245 2634 1364 2687 mente.

159 2730 226 2792 per.

691 2826 829 2894 Secreta.

201 2929 358 3011 Accepta
381 2929 441 2992 tibi
466 2929 533 2993 sint
558 2929 694 2992 domine
715 2949 895 3010 quesumus
919 2930 1020 2992 nostri
1037 2928 1126 2991 dona
1142 2928 1262 2990 ieiunii.
1278 2948 1364 3010 quae

157 3025 192 3080 et
208 3015 382 3098 expiando
409 3036 469 3078 nos
496 3028 554 3079 tua
580 3017 686 3097 gratia
710 3016 830 3096 dignos
856 3016 1010 3079 efficiant.
1034 3027 1068 3079 et
1092 3017 1133 3079 ad
1161 3015 1364 3098 sempiterna

156 3105 325 3186 promissa
340 3103 530 3185 perducant
548 3122 607 3186 per
621 3102 794 3166 dominum
812 3100 968 3166 nostrum.

671 3238 852 3319 Praefatio.

202 3343 254 3406 (D
286 3349 419 3404 aeterne
450 3342 540 3405 deus
600 3339 667 3424 Qui
698 3341 785 3404 iusto
816 3343 938 3424 pioque
969 3341 1195 3404 moderamine
1232 3351 1265 3403 et
1304 3361 1364 3422 pro

156 3428 307 3513 peccatis
336 3427 468 3510 flagella
498 3429 638 3510 inrogas.
669 3438 703 3490 et
733 3438 809 3510 post
839 3428 970 3510 flagella
1000 3430 1131 3491 ueniam
1166 3427 1363 3510 propitiatus

156 3515 341 3579 condonas.
358 3525 392 3577 et
408 3525 617 3597 peccatorum
634 3515 739 3577 uitam
755 3515 866 3597 potius
882 3515 997 3577 uolens
1012 3535 1111 3597 quam
1130 3524 1280 3577 mortem.
1296 3533 1363 3575 non

157 3622 216 3665 eos
241 3601 285 3664 ad
317 3601 485 3664 interitum
523 3602 760 3683 condempnas.
792 3604 850 3666 sed
882 3613 918 3666 ut
947 3605 1153 3684 corrigantur
1190 3602 1364 3663 miseratus

158 3697 331 3772 expectas.
345 3709 405 3770 per
419 3688 586 3751 christum.

611 3808 643 3871 A
647 3807 675 3871 d
683 3807 908 3890 complendum.

203 3910 396 3993 Quesumus
418 3910 630 3994 omnipotens
646 3912 727 3975 deus
743 3922 780 3974 ut
795 3912 838 3975 de
854 3911 1016 3994 perceptis
1036 3912 1225 3974 muneribus
1241 3910 1364 3993 gratias

160 3998 360 4062 exhibentes
375 3997 536 4062 beneficia
552 3999 683 4082 potiora
698 4016 877 4062 sumamus.
895 4018 959 4081 per.

627 4130 735 4213 Super
741 4132 904 4212 populum.

205 4242 310 4307 Adsit
325 4242 462 4305 domine
476 4256 656 4326 quesumus
679 4243 872 4327 propitiatio
887 4253 945 4307 tua
961 4243 1085 4327 populo
1103 4243 1312 4326 supplicanti.
1328 4254 1365 4307 ut

158 4329 250 4412 quod
266 4339 302 4393 te
318 4328 501 4413 inspirante
515 4323 658 4396 fideliter
672 4331 809 4413 expetit
821 4347 879 4395 tua
894 4331 1011 4394 caeleri
1028 4332 1180 4413 largitate
1195 4332 1365 4414 percipiat.

156 4437 226 4501 per.

683 4514 692 4551 ¹
710 4520 760 4571 For
771 4536 851 4572 mani.
