3046 5092
350 354 401 405 IX.
432 355 517 406 KAL.
547 355 622 407 IUL.
653 355 738 413 ΝΑΤ.
769 357 796 407 S.
827 356 1181 407 AETHELDRYTHAE.
1324 353 1369 406 181

166 510 304 573 caelesti
334 510 470 592 regione
500 511 643 573 aeternis
680 510 893 593 perfruuntur
930 509 1069 592 gaudiis.
1100 519 1134 572 et
1163 530 1223 592 pro
1253 527 1367 572 eorum

166 596 344 678 sollempni
369 597 599 660 recordatione
634 596 794 661 aecclesia
821 598 981 680 religiosis
1005 596 1136 660 exultat
1162 595 1286 659 officiis.
1311 614 1370 677 per

167 704 280 765 quem.

623 799 684 862 Ad
694 800 919 881 corrqolendrcrrr.

214 911 308 974 Haec
325 932 385 974 nos
401 911 593 973 communio
616 912 751 975 domine
774 921 894 994 purget
917 932 937 974 a
952 911 1097 974 crimine.
1114 919 1147 973 et
1163 910 1369 973 interceden-

166 999 257 1061 tibus
283 999 407 1060 sanctis
432 999 506 1061 tuis,
537 998 688 1061 caelestis
719 999 855 1061 remedii
888 997 987 1061 saciat
1011 1018 1083 1060 esse
1109 1006 1287 1060 consortes.
1308 1015 1368 1079 per

164 1086 339 1148 dominum
356 1095 516 1147 nostrum.

209 1249 272 1334 lrx.
298 1251 389 1315 KAL.
415 1253 493 1317 lui..
518 1252 675 1316 Numen
699 1253 876 1319 Sanctae
897 1255 1153 1317 inmurmur-
1191 1253 1335 1336 [f0.129.

614 1355 717 1403 'rnre
742 1341 928 1405 Umcnus.

209 1457 304 1521 Deus
320 1457 496 1522 ineffabilis
519 1480 627 1523 rerum
652 1460 811 1524 conditor.
835 1461 1064 1524 uniuersarum
1080 1462 1136 1543 qui
1153 1461 1284 1524 famulis
1300 1461 1366 1524 tuis

163 1563 310 1607 annuam
341 1546 522 1610 hodiernae
557 1547 747 1611 sestiuitatis
786 1548 946 1612 laetitiam
986 1549 1018 1610 in
1057 1549 1247 1611 ueneranda
1278 1547 1365 1610 alme

166 1631 304 1713 uirginis
321 1643 398 1695 tuae
423 1633 585 1715 praecluis
612 1634 845 1716 aetheldrythe
870 1633 1014 1698 tribuisti
1040 1635 1366 1698 commemoratione.

165 1737 349 1799 quesumus
365 1730 402 1782 ut
425 1722 543 1783 eadem
570 1722 811 1785 interueniente
838 1723 995 1785 uitiorum
1022 1722 1190 1785 incentiua
1204 1741 1366 1803 queamus

166 1806 287 1867 nociua
310 1826 473 1888 superare.
505 1818 538 1869 et
568 1810 610 1870 ad
642 1819 675 1870 te
705 1829 874 1871 summum
905 1807 1031 1872 bonum
1061 1809 1117 1890 qui
1148 1829 1227 1871 uera
1252 1808 1311 1871 lux
1331 1827 1366 1870 es

164 1891 257 1953 callis
273 1912 312 1954 ac
328 1895 434 1974 pietas
451 1894 610 1957 diuinitus
626 1896 806 1977 peruenire.
823 1916 888 1978 per.

728 2015 818 2079 Alia.

207 2123 433 2207 Omnipotens
463 2126 709 2209 praecluissime
739 2127 829 2190 deus.
861 2139 977 2191 auctor
1007 2127 1139 2189 uirtutis
1170 2136 1203 2189 et
1234 2137 1364 2189 amator

164 2211 374 2293 uirginitatis,
390 2214 447 2294 qui
464 2214 597 2276 beatam
621 2213 889 2297 aetheldrytham
910 2214 1071 2277 hodierna
1086 2214 1140 2275 die
1156 2215 1313 2294 dignatus
1329 2231 1364 2275 es

163 2298 206 2359 ad
222 2299 306 2360 caeli
322 2301 446 2380 gaudia
461 2299 633 2363 deducere.
657 2301 849 2383 suppliciter
871 2311 964 2364 tuam
989 2299 1205 2382 imploramus
1220 2300 1363 2362 clemen-

163 2385 253 2447 tiam.
270 2395 307 2448 ut
323 2386 416 2448 cuius
442 2407 571 2449 sacram
596 2386 879 2469 sollempnitatem
904 2387 1130 2450 caelebramus
1154 2387 1187 2447 in
1209 2387 1305 2448 aruis
1321 2387 1363 2449 de

162 2471 312 2534 eiusdem
329 2474 520 2554 patrociniis
535 2474 742 2555 gaudeamus
763 2475 796 2537 in
813 2475 916 2537 astris,
933 2494 992 2556 per
1007 2473 1190 2536 dominum.

695 2593 832 2659 Secreta.

204 2701 351 2765 Domine
375 2703 458 2767 deus
487 2705 719 2786 cunctipotens
748 2707 851 2769 totius
882 2706 1050 2768 mundane
1082 2704 1177 2767 molis
1203 2701 1360 2766 mirificus

159 2789 283 2870 opil‘ex.
300 2791 430 2872 suscipe
445 2791 715 2873 depraecationes
739 2813 909 2855 seruorum
926 2803 1059 2855 tuorum
1076 2811 1151 2853 cum
1169 2788 1359 2853 muneribus

160 2873 354 2939 hostiarum.
393 2898 479 2959 quae
518 2879 550 2940 in
592 2880 814 2942 sacratissima
854 2878 1066 2941 caelebritate
1108 2876 1251 2939 famulae
1281 2886 1359 2940 tuae

160 2962 422 3044 aetheldrythae.
456 2965 516 3027 tibi
550 2965 730 3028 deferimus
753 2976 787 3028 et
819 2967 964 3029 concede
991 2977 1028 3027 ut
1052 2985 1110 3047 per
1136 2964 1217 3026 haec
1244 2963 1358 3027 diuina

158 3061 376 3112 sacramenta.
407 3061 544 3114 cunctos
579 3051 727 3115 carnales
759 3061 852 3115 actus
889 3051 1061 3115 ualeamus
1099 3070 1229 3113 exuere.
1257 3059 1358 3131 atque

159 3137 310 3198 omnium
328 3138 531 3200 incrementa
547 3140 709 3201 uirtutum
726 3140 900 3221 percipere.
917 3159 975 3221 per
991 3137 1172 3200 dominum.

680 3258 860 3338 Praefattb.

203 3368 254 3431 ff)
279 3377 414 3431 aeterne
440 3369 530 3433 deus
587 3368 655 3452 Qui
681 3390 780 3433 omne
810 3391 915 3452 genus
939 3371 1124 3433 humanum
1148 3367 1355 3442 calliditatis†

158 3455 286 3536 antiqui
303 3457 464 3537 serpentis
480 3457 663 3520 seductum.
687 3468 720 3519 et
742 3477 904 3519 consensu
921 3458 1018 3539 primi
1034 3457 1179 3539 parentis
1195 3456 1355 3537 depraua-

158 3551 240 3603 tum.
268 3543 313 3604 ob
337 3543 437 3623 idque
460 3542 503 3605 ab
529 3544 732 3606 amoenitate
759 3545 913 3626 paradysi
943 3543 1130 3625 expulsum.
1162 3542 1354 3604 mirabiliter

158 3625 345 3691 reformasti
369 3649 427 3711 per
448 3628 680 3712 {unigenitum
726 3629 792 3712 Qui
816 3632 892 3693 ideo
914 3632 1070 3711 dignatus
1093 3640 1143 3691 est
1188 3628 1353 3710 [l0.129v.

158 3716 249 3777 nasci
266 3715 309 3777 de
322 3716 518 3779 intemerata
534 3717 669 3798 uirgine.
693 3727 730 3780 ut
753 3737 813 3779 nos
829 3728 985 3799 purgaret
1000 3716 1043 3779 ab
1061 3717 1231 3778 uniuersae
1247 3716 1353 3778 sordis

158 3802 368 3884 contagione.
406 3813 507 3884 atque
555 3803 677 3866 idcirco
717 3803 824 3867 uoluit
863 3805 976 3866 mortis
1014 3802 1123 3864 subire
1161 3800 1352 3883 periculum.

157 3889 318 3969 quatinus
343 3888 525 3952 destrueret
550 3901 682 3952 nostrae
707 3892 796 3953 necis
821 3891 1004 3972 imperium.
1051 3889 1230 3951 Proculus
1254 3888 1354 3951 dilec-

158 3976 249 4037 tione
265 3973 364 4037 beata
387 3976 481 4056 uirgo
507 3976 748 4057 aetheldrytha.
773 3978 973 4058 contempsit
998 3976 1120 4056 gaudia
1137 3976 1305 4037 mundana
1321 3985 1354 4036 et

158 4062 286 4123 lucrata
322 4070 372 4124 est
411 4062 566 4125 caelestia
602 4083 711 4144 regna.
774 4063 870 4145 Quae
904 4066 1047 4125 duorum
1081 4062 1199 4144 spretis
1237 4081 1352 4142 regum

157 4147 325 4210 thalamis.
364 4147 484 4229 copula
520 4159 700 4231 perpetuae
746 4151 908 4212 castitatis
954 4170 993 4211 ac
1030 4149 1193 4211 desiderio
1230 4147 1354 4229 gloriae

158 4234 347 4316 perhennis.
378 4236 551 4316 unigenito
581 4247 640 4299 tuo
670 4237 806 4298 domino
837 4237 906 4298 iesu
937 4235 1059 4298 christo
1085 4235 1204 4297 meruit
1228 4235 1352 4296 sociari.

156 4320 261 4385 Cuius
277 4321 534 4385 misericordiam
563 4322 732 4385 humiliter
757 4324 980 4404 deprecamur.
1001 4331 1039 4385 ut
1053 4322 1201 4383 eiusdem
1218 4322 1354 4403 uirginis

156 4408 448 4471 intercessionibus
488 4407 612 4491 fragilis
654 4410 744 4473 uitae
787 4409 935 4491 expulsis
973 4407 1165 4470 criminibus
1202 4407 1353 4471 caelestis

155 4494 283 4576 patriae
299 4495 519 4558 hereditatem
535 4515 666 4559 sumere
682 4514 874 4559 mereamur.
891 4515 949 4578 per
963 4514 1072 4576 quem.
