3046 5092
427 332 517 383 DOM.
544 330 635 383 ΗΝ
649 327 957 393 QUADRAGESIMA.

629 549 767 614 Secreta.

139 664 279 746 Suscipe
294 662 430 727 dominc
447 661 643 726 sacrificium
660 662 752 725 cuius
769 671 803 723 te
819 658 953 723 uoluisti
984 659 1161 740 dignanter
1179 656 1296 720 immo-

95 751 220 814 latione
235 751 367 833 placari.
387 760 520 832 praesta
535 768 716 831 quesumus
743 757 780 810 ut
795 744 906 829 [huius
938 746 1131 827 operatione
1172 741 1229 828 [so.
1244 760 1295 822 43.

95 839 246 902 mundati
257 837 501 919 beneplacitum
517 836 577 899 tibi
593 844 725 898 nostrae
737 835 857 896 mentis
868 831 1045 896 offeramus
1056 830 1220 895 aflectum.
1231 850 1289 912 per

551 1001 614 1065 Ad
623 1000 849 1083 complendum.

140 1115 301 1180 Caelestis
316 1115 406 1178 uitae
422 1134 558 1177 munere
574 1113 720 1195 uegetati
736 1132 916 1194 quesumus
931 1112 1064 1175 domine
1080 1121 1116 1174 ut
1139 1110 1229 1193 quod
1245 1118 1296 1172 est

97 1203 194 1265 nobis
218 1204 250 1265 in
275 1202 456 1284 praesentis
480 1202 569 1264 uitae
600 1201 794 1282 mysterium
819 1199 877 1262 liat
901 1199 1107 1262 aeternitatis
1123 1197 1295 1260 auxilium.

96 1311 156 1373 per
171 1290 355 1353 dominum.

562 1423 669 1506 Super
675 1422 838 1504 populum.

142 1556 243 1618 Parce
281 1553 418 1616 domine
448 1572 545 1634 parce
576 1550 700 1633 populo
727 1561 786 1613 tuo
816 1559 852 1612 ut
882 1549 993 1631 dignis
1017 1548 1296 1631 flagellationibus

97 1643 282 1723 castigatus
299 1642 332 1703 in
350 1650 408 1702 tua
424 1640 635 1703 miseratione
651 1638 795 1720 respiret.
812 1658 877 1719 per.

389 1878 588 1942 Donrnucn
606 1879 631 1942 1.
649 1891 690 1941 ni
709 1876 1024 1960 Qunonnoasrnm.

140 2028 234 2092 Deus
250 2030 306 2112 qui
323 2029 516 2093 aecclesiam
535 2038 626 2091 tuam
643 2049 755 2091 annua
771 2025 1050 2110 quadragesimali
1066 2025 1299 2088 obseruatione

96 2116 258 2198 purificas.
276 2126 408 2199 praesta
424 2115 569 2178 familiae
585 2125 663 2178 tuae
679 2126 715 2178 ut
730 2116 820 2197 quod
843 2135 863 2176 a
878 2124 911 2176 te
927 2114 1077 2176 obtinere
1099 2112 1299 2174 abstinendo

95 2203 212 2266 nititur
227 2203 290 2267 hoc
307 2203 403 2267 bonis
419 2202 574 2285 operibus
587 2222 818 2284 exsequamur.
831 2221 890 2283 per
906 2201 1079 2264 dominum
1097 2209 1254 2261 nostrum.

629 2367 767 2432 Secrela.

141 2491 348 2557 Sacrificium
364 2491 661 2574 quadragesimalis
678 2493 761 2555 initii
785 2492 1015 2574 sollempniter
1036 2492 1250 2556 immolamus
1266 2502 1299 2556 te

98 2579 234 2641 domine
249 2579 475 2661 deprecantes.
493 2588 529 2641 ut
544 2599 620 2641 cum
638 2579 830 2660 aepularum
847 2581 1053 2643 restrictione
1071 2581 1262 2643 carnalium.
1279 2602 1300 2642 a

98 2666 210 2728 noxiis
232 2686 366 2747 quoque
382 2665 609 2748 uoluptatibus
620 2676 852 2749 temperemur.
870 2686 929 2747 per
943 2667 1126 2730 dominum.

606 2830 788 2913 Praefatio.

143 2955 193 3018 (D
210 2974 269 3036 per
290 2954 450 3018 christum
474 2955 647 3017 dominum
668 2966 825 3019 nostrum.
860 2953 927 3036 Qui
943 2957 1143 3020 continuatis
1158 2958 1299 3039 quadra-

99 3042 196 3122 ginta
218 3039 336 3103 diebus
359 3051 393 3104 et
415 3042 580 3104 noctibus
603 3041 666 3104 hoc
689 3043 846 3103 ieiunium
870 3062 936 3104 non
961 3045 1106 3105 esuriens
1122 3045 1299 3110 dedicauit.

101 3128 225 3191 Postea
247 3129 335 3189 enim
358 3128 482 3191 esuriit.
506 3147 573 3190 non
597 3138 666 3190 tam
683 3128 805 3210 cybum
829 3127 1001 3191 hominum
1025 3150 1125 3211 quam
1149 3132 1298 3195 salutem.

99 3214 175 3277 Nec
198 3234 368 3277 aescarum
392 3213 606 3277 saecularium
639 3215 776 3296 aepulas
800 3216 997 3296 concupiuit.
1029 3217 1087 3279 sed
1114 3219 1298 3281 animarum

98 3300 302 3363 desiderauit
318 3301 429 3383 potius
445 3302 664 3363 sanctitatem.
681 3301 795 3383 Cybus
808 3321 951 3382 namque
966 3303 1036 3364 eius
1049 3313 1106 3366 est.
1117 3307 1302 3387 redemptio

97 3386 308 3468 populorum.
324 3392 429 3469 cybus
450 3389 520 3450 eius
535 3397 586 3450 est
598 3388 700 3449 totius
710 3387 796 3450 bone
812 3387 992 3450 uoluntatis
1003 3389 1148 3454 affectus,
1161 3391 1227 3473 Qui
1240 3413 1301 3455 nos

98 3474 216 3536 docuit
231 3477 359 3555 operari
377 3493 443 3536 non
459 3473 566 3536 solum
591 3473 714 3555 cybum
730 3475 786 3556 qui
803 3476 940 3537 terrenis
956 3475 1098 3557 dapibus
1121 3491 1301 3559 apparatur

98 3559 278 3622 sedetiam
302 3580 378 3622 eum
410 3561 466 3642 qui
487 3559 688 3644 [diuinarum
712 3562 946 3642 scripturarum
979 3562 1119 3626 lectione
1149 3563 1205 3646 [so.
1228 3584 1300 3646 43v.

100 3647 290 3729 percipitur.
305 3668 366 3730 per
381 3666 480 3730 quem
498 3649 706 3710 maiestatem
729 3657 829 3710 tuam.

555 3805 619 3869 Ad
628 3807 854 3888 complendum.

146 3935 211 3999 Tui
242 3955 303 3999 nos
333 3934 469 3998 domine
499 3935 696 3998 sacramenti
726 3934 842 3998 libatio
873 3945 987 3999 sancta
1019 3949 1186 4003 restauret.
1218 3950 1252 4003 et
1281 3962 1302 4004 a

98 4032 269 4173 uetuptate
281 4031 440 4104 purgatos
453 4023 486 4085 in
499 4021 648 4103 mysterii
661 4020 813 4084 salutaris
825 4022 924 4086 iaciat
937 4025 1075 4089 transire
1091 4028 1302 4093 consortium.

99 4128 162 4194 per
199 4129 360 4173 ominum.

567 4245 597 4312 S
597 4258 676 4330 uper
680 4248 845 4329 populum.

149 4377 204 4441 Da
219 4375 316 4440 nobis
332 4396 510 4459 quesumus
526 4375 738 4457 omnipotens
753 4376 843 4439 deus.
859 4386 892 4439 et
908 4387 1062 4443 aeternae
1077 4380 1305 4462 promissionis

101 4465 229 4551 gaudia
243 4483 409 4548 quaerere.
425 4475 459 4527 et
474 4464 625 4553 quaesita
640 4463 737 4526 citius
752 4463 908 4527 inuenire.
923 4484 989 4547 per.
