3046 5092
557 365 715 417 Aoauou
738 364 990 417 MORTUORUH.

211 520 258 584 Et
273 540 340 584 non
356 520 457 584 intres
473 520 507 584 in
523 519 689 584 iudicium.

212 606 243 670 A
260 616 357 689 porta
371 607 474 671 inseri.

211 694 300 757 Erue
315 695 458 758 domine.

709 821 832 888 Oratio.

211 952 341 1014 Partem
372 949 490 1015 beatae
519 951 763 1015 resurrectionis
794 951 951 1015 obtineat.
988 952 1158 1034 uitamque
1195 961 1363 1015 aeternam

165 1037 288 1101 habere
311 1048 474 1102 mereatur
489 1040 521 1101 in
539 1038 646 1101 caelis,
662 1058 721 1122 per
735 1048 769 1101 te
784 1040 853 1101 iesu
871 1039 991 1101 christe
1012 1039 1068 1121 qui
1084 1040 1170 1102 uiuis
1185 1048 1219 1101 et
1234 1058 1362 1120 regnas.

210 1125 303 1188 Deus
329 1125 381 1188 cui
406 1125 466 1188 soli
491 1126 653 1209 competit
677 1125 875 1188 medicinam
907 1136 1075 1208 praestare
1105 1135 1181 1207 post
1212 1134 1361 1188 mortem.

164 1220 298 1293 praesta
312 1231 500 1294 quesumus.
516 1222 553 1275 ut
568 1212 715 1275 animam
731 1211 845 1275 famuli
862 1212 909 1275 tui
926 1212 1062 1275 terrenis
1077 1222 1181 1276 exuta
1190 1211 1361 1294 contagiis.

164 1297 198 1360 in
215 1306 292 1361 tuae
308 1299 546 1381 redemptionis
562 1308 656 1381 parte
670 1308 865 1361 numeretur.
882 1319 948 1380 per.

484 1384 516 1448 Τ
512 1406 575 1447 unc
586 1385 724 1448 lauatur
736 1396 847 1467 cotpus
860 1384 1012 1464 defuncti.

211 1470 326 1535 Oratio
333 1481 409 1551 post
422 1472 620 1534 lauatiouom
635 1471 778 1553 corporis
791 1482 966 1553 antequam
981 1472 1020 1534 da
1033 1471 1127 1535 domo
1142 1469 1304 1553 offaratur.

723 1641 845 1707 Oratio.

208 1764 348 1847 Suscipe
371 1767 506 1829 domIne
530 1767 677 1830 animam
701 1768 786 1830 serui
811 1768 858 1831 tui
884 1787 984 1849 quam
1012 1767 1054 1830 de
1077 1766 1243 1849 ergastulo
1265 1765 1362 1829 huius

161 1852 287 1915 saeculi
311 1873 429 1916 uocare
455 1854 611 1935 dignatus
636 1875 679 1917 es,
703 1865 737 1916 et
761 1854 864 1917 libera
889 1874 964 1917 eum
988 1854 1030 1917 de
1052 1853 1254 1936 principibus
1270 1863 1361 1915 tene-

164 1938 306 2003 brarum.
320 1949 356 2002 ut
371 1939 525 2003 absoluta
548 1942 696 2003 omnium
712 1939 877 2023 luincu1a†
892 1951 1102 2023 peccatorum
1116 1941 1186 2022 qui·
1199 1938 1254 2022 [so.
1268 1952 1361 2018 215v.

162 2026 228 2089 etis
249 2046 290 2089 ac
316 2027 398 2089 lucis
424 2037 558 2104 aeterne
584 2027 798 2090 beatitudinis
821 2027 1013 2109 perfruatur.
1029 2040 1063 2091 et
1079 2030 1164 2089 inter
1178 2037 1311 2090 sanctos
1327 2036 1360 2089 et

160 2111 286 2175 electos
301 2122 377 2176 tuos
391 2114 424 2176 in
441 2115 685 2177 resurrectionis
700 2112 805 2196 gloria
820 2114 1004 2176 resuscitari
1021 2123 1193 2176 mereatur.
1209 2133 1275 2195 per.

214 2197 305 2261 Tunc
333 2201 527 2282 reqoousorio
551 2199 735 2264 Subuenite
763 2201 868 2263 sancti
900 2201 953 2263 dei
983 2210 1015 2262 et
1042 2201 1121 2263 aliis
1150 2198 1359 2280 responsoriis

162 2285 386 2365 eissuuctorum
402 2285 595 2366 deportatur.
610 2296 642 2349 et
666 2307 737 2349 curu
760 2287 1051 2369 adpropt'uquatum
1067 2287 1180 2366 fuerit
1199 2286 1362 2349 aecclesiae

162 2370 313 2447 canituri
318 2373 446 2454 psalmi
459 2374 611 2436 miserere
628 2374 691 2436 mei
707 2374 789 2436 deus
803 2395 875 2436 cum
897 2374 1073 2454 autipluua
1096 2374 1241 2455 requiem
1257 2384 1362 2437 aeter-

164 2478 252 2522 nam.
298 2458 340 2521 ln
365 2460 514 2523 aecclesia
536 2470 644 2522 autem
667 2461 836 2541 requiescat
863 2471 974 2541 corpus
995 2459 1141 2539 defuncti
1160 2459 1363 2541 quoadusque

153 2555 219 2711 ζα
247 2546 319 2608 eius
347 2546 463 2609 anima
483 2556 623 2609 canatur
650 2556 682 2610 ct
705 2546 863 2630 offeratur
884 2548 925 2610 ab
947 2547 1095 2611 omuibus
1116 2545 1232 2628 quibus
1253 2547 1361 2609 uisum

181 2633 276 2698 uerit.

496 2769 663 2850 incipiunt
682 2768 844 2832 orationes
865 2769 1017 2832 missua.

207 2896 288 2959 Ant.
314 2896 477 2978 Requiem
493 2906 661 2960 aeternam
678 2897 767 2960 dona
783 2898 813 2960 ei
828 2898 972 2960 domine.

207 2983 299 3045 Psal.
323 2983 372 3045 Te
388 2984 492 3047 decet.
536 2984 627 3046 Psal.
652 2983 786 3046 Exaudi
802 2984 892 3046 deus.

208 3068 400 3153 Quesumus
427 3071 562 3132 domine
586 3080 623 3132 ut
646 3071 777 3132 animae
802 3069 914 3133 famuli
938 3070 995 3133 tui.
1019 3069 1063 3132 ill.
1079 3070 1171 3132 cuius
1186 3069 1296 3132 obitus
1312 3069 1361 3130 sui

164 3155 262 3220 diem.
287 3155 333 3219 ill.
358 3176 665 3219 commemoramus.
690 3167 879 3219 sanctorum
904 3168 1036 3219 tuorum
1059 3168 1160 3238 atque
1183 3156 1363 3219 electorum

165 3240 294 3326 largiri?
319 3244 531 3306 consortium.
556 3254 590 3305 ct
620 3263 726 3306 rorem
758 3244 1001 3306 misericordiae
1023 3253 1101 3306 tuae
1124 3242 1260 3306 insunde
1290 3263 1361 3325 per·

166 3330 319 3394 hennem.
336 3350 402 3411 per.

696 3465 835 3531 Secreta.

209 3592 342 3656 Adesto
366 3593 501 3656 domine
525 3595 822 3677 supplicationibus
850 3594 969 3658 nostris
992 3604 1025 3657 et
1048 3593 1134 3656 hanc
1158 3593 1362 3656 oblationem

165 3699 266 3761 quam
283 3680 343 3743 tibi
365 3681 534 3744 offerimus
561 3683 605 3743 ob
631 3682 720 3744 diem
744 3681 968 3764 depositionis.
985 3680 1030 3743 ill.
1047 3702 1107 3763 pro
1121 3680 1234 3743 anima
1249 3679 1364 3743 famuli

167 3766 214 3829 tui
230 3766 381 3849 placidus
396 3788 435 3832 ac
451 3768 613 3850 benignus
629 3788 769 3832 assume.
786 3789 844 3851 per
858 3769 1041 3845 dominum.

679 3937 859 4016 Praefatio.

210 4065 261 4129 (θ
284 4074 416 4128 aeterne
432 4067 523 4130 deus.
569 4065 631 4130 Cui
657 4086 722 4130 non
746 4075 886 4149 pereunt
902 4065 1073 4129 moriendo
1088 4084 1227 4146 corpora
1243 4073 1363 4126 nostra.

166 4152 225 4215 sed
242 4162 412 4215 mutantur
427 4155 460 4215 in
477 4152 602 4216 melius.
626 4162 660 4215 et
688 4154 720 4215 in
746 4153 875 4216 timoris
891 4153 936 4215 tui
954 4151 1184 4215 obseruatione
1200 4149 1363 4213 defunctis

167 4236 259 4301 locus
289 4249 467 4322 perpetuus
501 4239 690 4321 adquiritur.
716 4248 919 4323 quapropter
942 4239 1089 4321 piissime
1113 4247 1207 4320 pater
1229 4256 1363 4318 praeces

166 4324 334 4408 supplices
364 4325 541 4389 fundimus.
579 4336 613 4389 et
651 4326 859 4390 maiestatem
898 4334 990 4388 tuam
1028 4324 1158 4387 deuotis
1196 4323 1362 4387 mentibus

166 4430 356 4475 exoramus.
370 4422 407 4475 ut
422 4413 535 4476 anima
551 4412 666 4476 famuli
675 4413 732 4476 tui.
749 4412 790 4476 N.
828 4422 1039 4494 peccatorum
1058 4410 1196 4473 uinculis
1210 4408 1363 4473 absoluta

165 4498 343 4562 transitum
359 4509 524 4563 mereatur
538 4497 660 4562 habere
675 4500 717 4563 ad
734 4498 847 4562 uitam.
863 4519 922 4580 per
936 4498 1102 4561 christum.
