3046 5092
206 268 238 316 92
567 255 672 304 ORAT.
700 255 749 304 IN
767 255 870 304 SABB.
897 255 1052 306 SANcro.

208 409 380 474 redeundi¹
405 410 448 473 ad
483 410 630 473 laborem
661 430 738 472 cura
768 410 924 472 succedit.
971 409 1196 492 Disperseque
1226 427 1285 492 per
1314 427 1413 489 agros

207 498 333 559 libratis
358 496 529 579 paululum
554 497 673 578 pennis
700 497 846 560 cruribus
871 498 1039 578 suspensis
1069 496 1225 559 insidunt.
1287 495 1411 558 Partim

208 605 264 646 ore
280 585 388 664 legere
404 584 565 646 flosculos.
582 583 749 646 honeratis
765 584 964 646 uictualibus
980 585 1048 646 suis
1071 584 1114 646 ad
1138 592 1246 644 castra
1263 592 1413 643 remeant

208 672 319 752 ibique
344 671 427 732 aliae
453 671 684 733 inaestimabili
712 679 783 733 arte
807 671 942 732 cellulas
963 672 1071 733 tenaci
1088 670 1219 752 glutino
1236 670 1410 731 instruunt.

210 757 307 819 Aliae
338 757 496 838 liquentia
524 757 622 819 mella
648 759 781 837 stipant.
807 757 890 820 aliae
922 767 1055 820 uertunt
1082 757 1179 819 flores
1209 757 1241 818 in
1272 775 1411 816 caeram.

210 844 307 906 Aliae
333 865 389 905 ore
411 854 507 906 natos
524 843 656 926 fingunt.
674 845 758 906 aliae
774 844 950 907 collectum
965 864 984 906 e
1000 844 1086 906 foliis
1102 853 1216 906 nectar
1231 842 1413 904 includunt.

210 930 295 1011 Apis
311 932 456 1011 corporis
473 932 609 993 minima
630 933 824 1012 quantitate.
841 932 975 1012 ingenio
1000 931 1159 993 mirabilis
1184 928 1333 992 naturali.
1380 926 1411 991 Ο

209 1038 285 1079 uere
312 1017 410 1079 beata
434 1027 467 1078 et
494 1017 651 1080 mirabilis
675 1019 863 1098 apiscuius
889 1038 949 1079 nec
976 1038 1095 1080 sexum
1123 1017 1259 1079 masculi
1285 1014 1413 1077 uiolant

211 1105 316 1166 foetus
333 1124 397 1165 non
415 1115 581 1185 quassant.
598 1125 657 1166 nec
675 1103 730 1166 filii
747 1105 920 1167 destruunt
936 1106 1133 1167 castitatem.
1181 1102 1275 1167 Sicut
1297 1113 1414 1164 sancta

209 1192 362 1272 concepit
386 1192 479 1271 uirgo
496 1193 607 1254 maria.
626 1193 720 1272 uirgo
737 1192 874 1272 peperit.
889 1202 923 1253 et
939 1193 1033 1272 uirgo
1050 1191 1242 1273 permansit.
1289 1188 1320 1253 O
1337 1209 1413 1251 uere

210 1277 308 1339 beata
325 1298 393 1339 nox
413 1298 499 1359 quae
522 1278 706 1358 expoliauit
730 1280 912 1359 aegyptios.
936 1279 1057 1340 ditauit
1073 1278 1223 1340 hebreos.
1269 1276 1356 1338 Nos²
1379 1277 1411 1336 in

209 1384 274 1444 qua
300 1366 438 1426 terrenis
462 1365 624 1427 caelestia.
651 1365 796 1426 humana
823 1365 943 1426 diuinis
974 1369 1161 1446 iunguntur.
1208 1362 1355 1427 Oramus
1380 1372 1414 1423 te

209 1452 343 1513 domine
360 1463 396 1513 ut
412 1472 545 1513 caereus
562 1451 622 1513 iste
647 1452 679 1512 in
705 1451 864 1513 honorem
891 1452 1034 1513 nominis
1061 1452 1108 1513 tui
1133 1460 1353 1512 consecratus.
1370 1449 1413 1509 ad

209 1538 305 1599 huius
329 1540 434 1600 noctis
457 1538 631 1619 caliginem
656 1539 891 1600 destruendam
923 1537 1114 1600 indeficiens
1136 1540 1259 1619 perfse-
1284 1535 1340 1616 [fo.
1364 1537 1414 1614 63.

210 1635 308 1687 ueret.
326 1634 425 1706 atquc
452 1626 483 1686 in
510 1625 645 1686 odorem
662 1627 834 1687 suauitatis
851 1635 1014 1706 acceptus.
1032 1626 1180 1705 supernis
1196 1623 1416 1685 luminaribus

211 1712 394 1774 misceatur.
486 1712 653 1773 Flammas
705 1712 774 1774 eius
827 1712 940 1774 lucifer
991 1712 1152 1774 accendat
1204 1712 1260 1791 qui
1311 1710 1416 1772 nescit

210 1817 373 1861 occasum.
405 1798 458 1860 ille
482 1799 538 1879 qui
565 1818 730 1879 regressus
756 1800 799 1861 ab
824 1798 934 1861 inseris
961 1799 1108 1861 humano
1138 1798 1251 1878 generi
1279 1816 1415 1858 serenus

210 1885 340 1947 inluxit.

256 1973 451 2034 Praecamur
466 1992 545 2053 ergo
561 1981 593 2033 te
609 1972 744 2033 domine
760 1982 796 2033 ut
813 1992 873 2033 nos
890 1971 1032 2034 famulos
1049 1980 1123 2034 tuos
1139 1990 1274 2033 ornnem
1290 1969 1414 2032 clerum

209 2066 243 2120 et
259 2059 509 2121 deuotissimum
527 2058 688 2140 populum
705 2079 861 2121 unacum
883 2069 976 2140 patre
1000 2075 1113 2120 nostro
1136 2058 1331 2120 beatissimo
1348 2058 1417 2118 uiro

209 2146 253 2207 ill.
271 2148 382 2225 quiete
398 2156 587 2226 temporum
603 2165 766 2207 concessa.
784 2146 816 2206 in
840 2145 891 2208 his
914 2145 1124 2228 paschalibus
1140 2145 1270 2226 gaudiis
1286 2163 1417 2207 conser-

210 2252 287 2294 uare
302 2233 455 2313 digneris,
472 2253 530 2314 per
545 2233 726 2294 dominum.

384 2392 608 2457 Oanrrouas
632 2407 673 2457 ru
699 2407 864 2458 snanaao
889 2407 1036 2458 snucTo
1060 2407 1238 2457 pascuas.

256 2507 292 2569 ln
310 2507 471 2589 principio
488 2508 611 2569 creauit
628 2509 709 2569 deus
727 2508 854 2569 caelum
871 2517 904 2568 et
920 2516 1048 2568 terram.

745 2643 886 2707 Collecta.

255 2748 346 2809 Deus
363 2749 418 2828 qui
437 2748 629 2808 mirabiliter
644 2750 761 2810 creasti
779 2748 956 2809 hominem.
973 2756 1006 2808 et
1033 2746 1214 2808 mirabilius
1240 2747 1419 2809 redemisti.

210 2837 252 2897 da
268 2835 362 2896 nobis
379 2855 557 2915 quesumus
581 2846 696 2896 contra
721 2836 966 2896 oblectamenta
991 2836 1116 2914 peccati
1143 2834 1264 2894 mentis
1289 2837 1420 2895 ratione

211 2924 366 2983 resistere.
407 2934 443 2983 ut
483 2942 668 2982 mereamur
698 2923 740 2983 ad
780 2921 903 3002 gaudia
933 2931 1067 2982 aeterna
1102 2921 1281 3001 peruenire.
1361 2923 1424 2983 Per

210 3010 382 3071 dominum
401 3023 560 3070 nostrum.

255 3122 294 3183 In
311 3120 426 3182 diebus
443 3121 518 3184 illis,
564 3121 702 3183 Factum
721 3129 771 3181 est
787 3121 819 3181 in
837 3120 949 3200 uigilia
967 3119 1138 3181 matutina.

746 3244 888 3306 Tractus.

256 3348 436 3410 Cantemus
453 3349 597 3409 dominu.

745 3459 885 3523 Collecta.

256 3571 348 3632 Deus
372 3572 463 3633 cuius
490 3573 628 3653 antiqua
652 3573 809 3633 miracula
831 3573 932 3633 etiam
957 3571 1077 3633 nostris
1093 3570 1231 3632 saeculis
1247 3591 1427 3637 coruscare

212 3660 380 3720 sentimus.
392 3660 471 3719 dum
488 3660 576 3739 quod
595 3661 649 3720 uni
667 3659 790 3740 populo
803 3681 821 3721 a
835 3661 1061 3740 persecutione
1074 3659 1231 3738 aegyptia
1247 3658 1428 3723 liberando

212 3748 370 3806 dexterae
401 3757 477 3806 tuac
508 3748 656 3826 potentia
687 3747 862 3808 contulisti.
890 3748 921 3807 id
950 3748 981 3806 in
1009 3747 1150 3807 salutem
1179 3747 1332 3825 gentium
1366 3769 1428 3828 per

212 3854 331 3913 aquam
361 3835 616 3913 regenerationis
643 3835 796 3913 operaris.
821 3844 951 3913 praesta
979 3842 1014 3894 ut
1040 3844 1072 3893 et
1097 3833 1129 3892 in
1157 3832 1302 3893 abrahae
1330 3834 1429 3900 filios.

211 3930 244 3981 et
268 3921 298 3980 in
316 3920 547 3981 israheliticum
571 3922 767 4001 dignitatem
794 3923 896 3982 totius
923 3920 1038 3981 mundi
1064 3929 1211 3981 transeat
1239 3920 1431 4000 plenitudo,

213 4029 279 4088 per.

256 4109 308 4169 ³ln
326 4107 442 4169 dicbus
459 4107 529 4169 illis.
576 4106 842 4188 Apprehendent
858 4116 984 4186 septem
999 4104 1160 4168 mulieres,

247 4241 256 4326 Ξ
272 4244 321 4293 Pro
333 4246 453 4293 redeundi
464 4245 483 4293 is
496 4246 616 4308 probably
628 4262 660 4293 an
669 4261 736 4293 error
748 4245 785 4293 lor
793 4244 947 4308 prodeundi.

244 4375 254 4404 ³
271 4312 326 4426 lhl
336 4327 393 4424 lllh.
409 4377 497 4424 inserts
511 4377 570 4425 Call.
583 4375 666 4424 before
678 4377 747 4425 these
764 4375 930 4425 catchwords
942 4373 970 4423 os
984 4374 1026 4424 the
1043 4372 1134 4434 lesson‚
1154 4373 1286 4438 repeating
1303 4374 1321 4423 it
1340 4377 1421 4439 again

214 4445 298 4494 belore
311 4442 352 4490 the
364 4458 451 4505 prayer
463 4443 533 4490 Deus
543 4443 590 4495 uui
600 4458 650 4490 reos.
