3046 5092
153 277 184 343 58
481 282 571 333 DOM.
603 282 630 331 V.
656 281 752 331 POST
776 280 1036 331 THEOPHANIA.

155 432 351 498 salutarium
365 435 460 499 nobis
470 455 607 517 operum
624 445 757 498 tuorum
773 443 807 497 et
824 453 999 497 munerum
1012 433 1173 497 memoria
1185 433 1369 516 praesentis

155 520 246 583 uitae
277 531 429 605 tempora
458 532 608 585 exornat.
663 521 763 585 Unde
789 530 823 584 et
852 541 913 583 nos
944 519 996 584 uel
1028 520 1212 584 innouante
1242 519 1372 584 laetitia

157 610 327 687 praeteriti
365 610 477 692 gaudii
515 609 567 671 uel
605 608 830 691 permanentis
860 607 940 670 boni
977 617 1111 689 tempus
1148 620 1371 690 agnoscentes

158 692 341 758 indefessas
354 696 517 760 maiestati
528 706 605 758 tuae
614 704 725 778 grates
735 693 1015 776 exsoluimus.per
1024 694 1185 758 christum
1196 696 1372 758 dominum

159 791 320 845 nostrum.

614 910 645 972 A
649 909 676 973 d
686 909 913 991 complendum.

204 1029 346 1093 Munera
368 1040 424 1093 tua
440 1051 500 1093 nos
515 1030 598 1093 deus
621 1051 641 1093 a
663 1029 941 1093 delectationibus
965 1029 1105 1093 terrenis
1127 1029 1315 1113 expediant
1337 1040 1372 1094 et

161 1116 360 1180 caelestibus
376 1138 506 1200 semper
521 1118 686 1180 instruant
702 1117 876 1180 alimentis.
892 1137 952 1200 per
968 1117 1142 1180 dominum
1159 1130 1320 1182 nostrum.

627 1272 734 1353 Super
739 1272 904 1353 populum.

207 1389 340 1473 Porrige
370 1393 544 1455 dexteram
575 1401 668 1454 tuam
699 1390 835 1454 domine
865 1389 955 1473 plebi
986 1399 1079 1455 tuam
1111 1391 1372 1454 misericordiam

163 1478 345 1558 postulanti
369 1500 427 1560 per
442 1499 542 1560 quam
559 1488 593 1541 et
608 1498 733 1540 errores
756 1477 901 1541 declinet
925 1477 1058 1541 illicitos
1079 1487 1113 1540 et
1136 1477 1261 1541 solacia
1283 1479 1375 1541 uitae

163 1566 311 1714 :portalis
345 1567 494 1648 accipiat.
530 1583 565 1628 et
608 1566 811 1648 sempiterna
855 1566 979 1646 gaudia
1015 1565 1277 1648 appraehendat
1315 1586 1375 1648 per

187 1672 346 1717 ominum.

432 1856 629 1920 Doururcr
650 1854 692 1918 V.
716 1869 807 1920 Posr
830 1855 1100 1922 Tuaoeunum

207 2011 382 2074 Familiam
402 2019 492 2072 tuam
510 2028 689 2091 quesumus
705 2008 840 2071 domine
851 2008 1010 2072 continua
1022 2010 1167 2091 piaetate
1179 2012 1321 2075 custodi.
1337 2020 1373 2075 ut

163 2118 249 2179 quae
265 2099 296 2160 in
312 2098 383 2160 sola
398 2117 457 2180 spe
472 2097 598 2179 gratiae
614 2095 764 2158 caelestis
781 2096 939 2160 innititur.
951 2105 1009 2159 tua
1021 2116 1153 2178 semper
1164 2100 1372 2180 protectione

166 2186 340 2248 muniatur.
357 2204 416 2267 per
430 2184 613 2247 dominum.

699 2308 838 2373 Secreta.

211 2433 348 2495 Hostias
364 2431 423 2494 tibi
439 2431 574 2492 domine
591 2429 786 2511 placationis
802 2428 979 2494 offerimus.
997 2439 1033 2493 ut
1056 2441 1090 2494 et
1113 2432 1235 2495 delicta
1259 2445 1373 2497 nostra

166 2521 338 2582 miseratus
363 2518 526 2581 absoluas
551 2529 584 2580 et
611 2518 763 2579 nutantia
793 2514 909 2600 lcorda
933 2528 968 2580 tu
994 2518 1126 2601 dirigas.
1152 2541 1210 2602 per
1236 2517 1293 2605 [l0.
1320 2539 1372 2600 40.

166 2608 346 2670 dominum.

676 2732 857 2812 Praefatio

210 2856 260 2919 (D
276 2865 409 2916 aeterne
430 2854 521 2916 deus.
567 2853 611 2915 Et
636 2852 696 2915 tibi
722 2853 807 2915 hanc
829 2853 1066 2916 immolationis
1083 2855 1227 2918 hostiam
1243 2855 1374 2923 offerre.

164 2953 314 3025 quaeest
338 2941 541 3005 salutiferum
565 2952 598 3002 et
621 2940 788 3002 ineffabile
811 2942 943 3003 diuinae
967 2944 1093 3022 gratiae
1116 2954 1374 3008 sacramentum.

165 3051 250 3112 quae
273 3031 408 3091 offertur
424 3049 443 3089 a
459 3028 615 3109 plurimis
637 3037 670 3089 et
697 3048 799 3090 unum
825 3029 936 3090 christi
961 3048 1081 3109 corpus
1106 3030 1210 3090 sancti
1236 3032 1374 3110 spiritus

165 3116 327 3179 infusione
339 3114 511 3197 perficitur.
530 3114 659 3194 Singuli
671 3115 1000 3194 accipiuntchristum
1009 3115 1270 3178 dominumetin
1282 3119 1374 3200 sing-

166 3206 227 3267 ulis
241 3205 448 3284 portionibus
461 3213 550 3264 totus
560 3212 618 3263 est.
652 3200 721 3262 Nec
736 3222 793 3280 per
803 3201 949 3282 singulos
964 3203 1192 3264 minuitursed
1204 3203 1374 3285 integrum

164 3314 199 3354 se
217 3291 330 3372 prebet
348 3292 379 3351 in
396 3290 540 3369 singulis
589 3288 765 3368 Propterea
789 3289 849 3369 ipsi
874 3290 929 3368 qui
953 3290 1115 3351 sumimus
1137 3293 1377 3356 communione

166 3381 262 3440 huius
279 3378 381 3439 sancti
400 3377 494 3457 panis
511 3387 544 3437 et
559 3375 677 3437 calicis
694 3395 796 3436 unum
814 3375 926 3436 christi
950 3396 1069 3455 corpus
1093 3375 1262 3440 efficimur.
1310 3379 1376 3443 Per

167 3466 267 3546 ipsius
306 3466 416 3544 itaque
448 3463 655 3524 maiestatem
694 3469 726 3522 te
756 3461 920 3542 supplices
952 3483 1138 3524 exoramus
1169 3473 1206 3525 ut
1237 3483 1299 3526 nos
1332 3469 1378 3531 ab

164 3551 318 3614 omnibus
356 3551 516 3612 emundes
553 3548 715 3629 contagiis
753 3549 936 3611 uetustatis.
967 3558 1000 3612 et
1031 3551 1064 3611 in
1095 3550 1244 3612 nouitate
1282 3553 1377 3618 uitae

166 3658 374 3721 perseuerare
390 3638 560 3699 concedas.
577 3656 635 3718 per
650 3655 758 3716 quem.

620 3785 681 3847 Ad
692 3785 917 3867 complendum.

210 3909 400 3991 Quesumus
437 3908 649 3989 omnipotens
687 3908 769 3970 deus
807 3916 844 3970 ut
887 3906 973 3968 illius
1011 3907 1163 3969 salutaris
1200 3911 1378 3989 capiamus

166 3996 331 4060 effectum.
348 3998 439 4059 cuius
456 4016 513 4078 per
528 3996 609 4058 haec
627 3996 785 4076 mysteria
800 3996 920 4076 pignus
936 3996 1133 4076 accepimus.
1150 4015 1216 4077 per.

631 4145 739 4226 Super
745 4145 909 4227 populum.

211 4269 341 4331 Adesto
365 4267 501 4330 domine
526 4268 656 4350 populis
679 4267 744 4329 tuis
768 4268 800 4330 in
824 4278 882 4331 tua
905 4267 1110 4351 protectione
1134 4265 1328 4332 fidentibus.
1345 4281 1379 4333 et

167 4364 244 4417 tuae
259 4377 294 4417 se
310 4356 468 4418 dexterae
485 4356 675 4437 suppliciter
690 4355 887 4419 inclinantes
910 4365 1071 4438 perpetua
1087 4354 1283 4419 defensione
1299 4378 1380 4421 con-

168 4462 271 4506 serua.
288 4463 346 4525 per
361 4444 542 4506 dominum.
