3046 5092
454 357 545 407 DOM.
572 356 595 408 Ι.
624 357 721 407 POST
743 357 819 408 OCT.
848 357 999 408 DOMINI.

656 565 793 631 Secreta.

171 695 364 760 Muneribus
380 696 499 760 nostris
514 716 694 777 quesumus
709 696 844 760 domine
860 696 1097 778 praecibusque
1112 697 1281 780 susceptis.
1292 707 1325 760 et

33 852 40 860 ,
124 782 321 846 caelestibus
337 804 396 846 nos
413 785 537 847 munda
561 784 732 866 mysteriis.
748 794 782 846 et
804 784 984 847 clementer
999 785 1130 847 exaudi.
1146 805 1205 867 per
1219 786 1326 847 domi·

125 888 204 931 num
221 879 380 936 nostrum.

636 1007 816 1089 Praesatzb.

170 1118 219 1182 (D
235 1128 368 1182 aeterne
383 1119 473 1183 deus.
519 1119 565 1182 Et
580 1139 709 1181 sursum
721 1119 875 1181 cordibus
892 1120 1009 1182 erectis
1021 1119 1171 1183 diuinum
1188 1122 1326 1184 adorare

124 1207 328 1284 mysterium.
341 1217 377 1269 ut
392 1207 482 1288 quod
500 1227 621 1287 magno
637 1207 689 1268 dei
707 1226 841 1268 munere
857 1207 987 1287 geritur.
1001 1209 1131 1289 magnis
1147 1207 1325 1270 aecclesiae

124 1292 255 1371 gaudiis
276 1293 486 1357 caelebretur.
531 1292 714 1376 lQuoniam
731 1293 877 1355 humana
892 1294 1041 1355 conditio
1055 1296 1157 1356 ueteri
1180 1294 1236 1376 [so.
1254 1310 1323 1373 35v.

126 1387 319 1459 terrenaque
345 1379 417 1461 lege
440 1391 590 1443 cessante
614 1400 701 1441 noua
716 1379 916 1461 caelestique
932 1379 1117 1444 substantia
1134 1381 1326 1444 mirabiliter

124 1474 307 1528 restaurata
323 1466 494 1547 profertur.
510 1486 568 1549 per
583 1467 751 1530 christum.

577 1623 639 1686 Ad
649 1622 874 1704 complendum.

168 1734 223 1797 Da
241 1736 337 1799 nobis
363 1755 543 1817 quesumus
565 1737 700 1799 domine
727 1738 808 1799 deus
834 1745 945 1799 noster
968 1747 1005 1800 ut
1031 1737 1087 1819 qui
1113 1737 1322 1800 natiuitatem

124 1821 252 1883 domini
283 1825 385 1885 nostri
423 1825 492 1885 iesu
523 1822 635 1885 christi
667 1842 727 1884 nos
757 1821 965 1904 frequentare
995 1826 1188 1906 gaudemus.
1213 1825 1323 1906 dignis

123 1911 428 1973 conuersationibus
454 1910 498 1973 ad
529 1911 598 1973 eius
623 1930 807 1972 mereamur
837 1912 999 1993 pertinere
1029 1913 1240 1975 consortium.
1267 1931 1326 1992 per

122 1996 276 2059 eundem.

571 2133 679 2214 Super
683 2134 848 2214 populum.

167 2243 437 2308 Benedictionem
468 2255 561 2309 tuam
591 2247 726 2309 domine
763 2244 905 2326 populus
943 2244 1048 2308 fidelis
1078 2247 1226 2328 accipiat.
1257 2267 1324 2328 qua

122 2350 281 2412 corporae
307 2332 454 2394 saluatus
480 2352 518 2394 ac
544 2343 663 2395 mente.
688 2342 722 2395 et
748 2331 902 2414 gratiam¹
927 2335 986 2395 tibi
1010 2353 1140 2415 semper
1161 2334 1321 2396 exhibeat

120 2419 325 2566 {eruitutem
342 2429 375 2481 et
393 2419 636 2501 propitiationis
659 2429 736 2481 tuae
760 2418 918 2481 beneficia
941 2439 1072 2501 semper
1095 2421 1248 2483 inueniat.
1265 2441 1324 2502 per

145 2523 306 2568 omrnum.

339 2715 538 2780 Dou1u1cn
563 2716 588 2779 1.
614 2715 707 2779 Posr
731 2714 903 2780 Ocrnuns
927 2715 1086 2779 Dorum.

164 2852 389 2936 Omnipotens
403 2854 604 2935 sempiterne
619 2854 700 2916 deus
723 2853 827 2934 dirige
854 2863 948 2915 actus
972 2862 1102 2915 nostros
1118 2854 1150 2915 in
1168 2853 1323 2936 benepla-

119 2943 188 3005 cito
203 2952 272 3004 tuo.
288 2952 324 3004 ut
340 2942 372 3003 in
389 2942 524 3003 nomine
548 2941 659 3003 dilecti
685 2939 743 3001 filii
769 2940 817 3002 tui
846 2960 1033 3002 mereamur
1056 2941 1152 3003 bonis
1166 2944 1322 3022 operibus

119 3029 299 3092 abundare.
315 3047 373 3109 per
387 3029 539 3090 eundem.

654 3162 792 3227 Secreta.

163 3273 319 3340 Concede
362 3293 542 3355 quesumus
586 3275 721 3338 domine
776 3283 813 3336 ut
864 3274 967 3337 oculis
1018 3285 1095 3337 tuae
1141 3277 1322 3339 maiestatis

117 3382 240 3425 munus
256 3360 413 3424 oblatum.
429 3371 463 3423 et
478 3362 619 3443 gratiam
636 3361 731 3423 nobis
747 3361 933 3424 deuotionis
948 3361 1097 3424 obtineat
1112 3372 1146 3424 et
1167 3363 1321 3426 eflectum

116 3450 237 3513 beatae
252 3448 467 3529 perennitatis
482 3449 643 3529 adquirat.
659 3468 725 3530 per.

652 3583 835 3664 Praesatrb.

164 3697 214 3760 (θ
242 3705 375 3759 aeterne
402 3698 491 3760 deus.
551 3694 617 3778 Qui
645 3705 782 3777 peccato
813 3696 908 3778 primi
933 3697 1078 3779 parentis
1105 3697 1272 3759 hominem
1302 3718 1321 3759 a

118 3782 237 3847 salutis
252 3781 372 3845 finibus
388 3783 581 3845 exulantem
598 3783 752 3864 piaetatis
768 3783 973 3864 indulgentia
988 3785 1030 3846 ad
1053 3787 1184 3846 ueniam
1202 3786 1322 3846 uitam·

117 3889 185 3952 que
214 3870 385 3932 reuocasti.
410 3869 574 3932 mittendo
600 3869 695 3932 nobis
719 3870 927 3952 unigenitum
957 3881 1052 3935 tuum
1083 3872 1256 3934 dominum
1288 3882 1321 3934 et

117 3956 320 4019 saluatorem
337 3965 496 4019 nostrum.
512 3975 571 4038 per
585 3975 694 4037 quem.

572 4103 635 4167 Ad
644 4105 871 4186 complendum.

162 4217 225 4281 Per
262 4216 362 4279 huius
397 4217 533 4281 domine
562 4219 789 4299 operationem
825 4219 982 4299 mysterii.
1019 4230 1053 4284 et
1090 4220 1171 4284 uitia
1208 4231 1321 4285 nostra

114 4313 308 4389 purgentur.
325 4315 359 4368 et
375 4304 462 4369 iusta
476 4305 640 4368 desideria
655 4304 892 4388 compleantur.
909 4326 974 4388 per.

637 4514 646 4548 ¹
664 4517 831 4583 Forgratam.
