3046 5092
452 336 564 387 MISSA
587 338 661 388 PRO
681 338 872 392 PLURIBUS
890 339 1029 389 AMICIS.
1309 337 1355 389 261

159 491 241 554 nihil
266 491 330 554 illis
352 491 563 556 aduersitatis
590 502 718 556 noceat.
734 493 816 556 nihil
840 492 1045 558 difficultatis
1072 492 1220 556 obsistat.
1236 502 1358 558 cuncta

157 578 310 642 salubria.
325 588 446 642 cuncta
461 578 527 640 sint
543 599 707 660 prospera.
723 589 757 643 et
772 579 835 643 sub
849 601 912 662 ope
931 581 1091 643 dexterae
1106 590 1183 643 tuae
1198 580 1355 661 quicquid

159 665 247 728 iusto
262 663 488 747 expetiemur†
503 666 667 729 desiderio
682 667 777 729 celeri
795 687 1034 748 consequamur
1050 667 1177 730 effectu.
1194 688 1259 748 per.

689 812 825 875 Secreta.

203 920 338 985 Exaudi
366 922 500 985 domine
527 942 662 1005 praeces
692 935 821 987 nostras
848 935 881 987 et
906 923 967 986 iter
993 922 1191 985 famulorum
1222 931 1354 985 tuorum

158 1008 321 1090 propitius
336 1009 494 1071 comitare
517 1020 618 1090 atque
642 1011 900 1073 misericordiam
917 1022 1009 1072 tuam
1026 1010 1073 1072 sic
1088 1009 1212 1091 ubique
1228 1010 1354 1091 largire.

157 1095 314 1176 quatinus
339 1116 358 1157 a
383 1096 510 1158 cunetis
536 1097 792 1160 aduersitatibus
817 1107 849 1160 te
874 1096 1059 1179 opitulante
1083 1096 1217 1158 defensi.
1234 1097 1354 1177 gratia-

159 1201 231 1244 rum
247 1182 308 1243 tibi
325 1183 357 1243 in
374 1182 533 1245 aecclesia
549 1194 606 1246 tua
622 1183 763 1246 reserant
779 1187 952 1246 actionem.
970 1203 1028 1265 per
1043 1183 1224 1245 dominum.

656 1329 836 1408 Praefatio.

202 1441 252 1504 (D
269 1449 401 1503 aeterne
417 1441 506 1503 deus
522 1441 579 1522 qui
596 1451 794 1523 properante
807 1441 901 1503 iacob
915 1440 976 1503 sub
990 1438 1165 1503 felicitatis¹
1177 1440 1355 1502 commoda

155 1526 276 1589 itinera
291 1528 449 1590 direxisti.
477 1528 599 1609 quique
624 1529 697 1589 uiae
723 1548 854 1590 cursum
878 1525 1353 1610 scoram²sollicitulfo189.

156 1613 337 1695 dinemque
367 1614 523 1696 dignatus
554 1634 588 1676 es
618 1634 738 1697 gerere.
765 1634 824 1676 nec
857 1634 923 1676 non
949 1623 982 1677 et
1007 1612 1118 1676 tobiae
1141 1613 1266 1675 famulo
1296 1623 1355 1676 tuo

156 1699 314 1781 angelum
357 1710 451 1764 tuum
495 1702 613 1764 ducem
657 1702 828 1783 praeuium
872 1701 1074 1783 praestitisti.
1141 1698 1355 1782 Quapropter

155 1786 434 1868 omnipotentiam
465 1797 557 1851 tuam
595 1787 730 1850 domine
767 1787 935 1850 humiliter
972 1786 1195 1870 imploramus.
1234 1795 1271 1849 ut
1309 1787 1355 1849 ita

154 1872 395 1954 prosectionem
423 1873 620 1937 famulorum
646 1883 777 1936 tuorum
794 1894 870 1936 cum
887 1894 1020 1937 suorum
1044 1872 1199 1936 omnibus
1214 1873 1354 1954 dirigere

154 1979 280 2041 eosque
296 1960 328 2022 in
345 1961 461 2023 itinere
481 1961 647 2023 custodire
670 1961 825 2043 digneris.
841 1962 996 2042 quatinus
1012 1960 1204 2041 angelorum
1221 1968 1353 2022 tuorum

155 2046 323 2128 praesidio
353 2046 433 2110 sulti.
465 2048 625 2111 comitatu
656 2067 788 2129 quoque
817 2065 1006 2110 sanctorum
1039 2047 1166 2110 muniti.
1216 2045 1353 2109 Nullum

155 2132 354 2214 periculum³
369 2135 476 2215 spatia
492 2145 605 2196 terrae.
621 2143 678 2196 aut
700 2155 758 2216 per
785 2135 862 2215 iuga
879 2135 1040 2197 montium
1058 2143 1201 2213 angusta
1218 2132 1352 2195 uallium

155 2220 309 2301 uadaque
336 2219 517 2284 fluminum.
535 2240 660 2283 uenena
685 2222 886 2303 serpentium
911 2221 961 2282 uel
987 2223 1149 2302 impetum
1174 2220 1352 2281 bestiarum

155 2304 351 2378 incurrunt't.
367 2308 424 2369 sed
452 2308 514 2370 sub
539 2316 597 2370 tuo
621 2308 755 2370 nomine
779 2308 822 2369 ab
848 2308 1002 2370 omnibus
1028 2306 1123 2369 malis
1150 2305 1284 2368 defensi.
1310 2305 1352 2367 ad

155 2392 265 2454 locum
304 2393 505 2456 destinatum
543 2395 737 2476 perueniant
774 2403 808 2456 et
844 2404 1009 2476 oportuno
1047 2404 1195 2474 tempore
1234 2393 1352 2454 iteratu

155 2479 297 2561 repetito
324 2480 365 2541 ad
394 2482 527 2563 propria
553 2481 680 2543 reuerti.
705 2490 738 2543 et
762 2480 910 2562 suffragii
937 2481 984 2543 tui
1003 2477 1183 2553 mereatur†
1206 2479 1352 2560 adipisci.

154 2586 213 2647 per
228 2565 396 2628 christum.

603 2687 665 2749 Ad
674 2686 899 2769 complendum.

199 2798 346 2860 Domine
361 2806 475 2860 sancte
500 2808 594 2880 pater
619 2799 831 2880 omnipotens
856 2809 987 2861 aeterne
1012 2799 1093 2860 deus
1111 2798 1166 2879 qui
1183 2816 1218 2858 es
1234 2797 1352 2859 ductor

155 2895 345 2948 sanctorum
376 2896 409 2947 et
439 2885 554 2965 dirigis
585 2885 701 2948 itinera
734 2887 902 2948 iustorum.
932 2886 1037 2966 dirige
1074 2883 1228 2965 angelum
1260 2884 1352 2965 pacis

155 2970 336 3033 nobiscum.
353 2972 407 3052 qui
433 2992 493 3033 nos
518 2972 560 3034 ad
588 2972 660 3034 loca
686 2974 852 3035 destinata
875 2972 1042 3053 perducat.
1065 2972 1107 3034 sit
1131 2971 1226 3033 nobis
1249 2971 1351 3033 comi·

155 3067 243 3121 tatus
268 3057 429 3120 iocundus
454 3067 490 3120 ut
514 3058 623 3121 nullus
648 3059 721 3122 uiae
748 3069 879 3120 nostrae
910 3059 970 3121 iter
1000 3058 1160 3139 subripiat
1191 3057 1350 3119 inimicus.

156 3142 266 3224 procul
284 3164 303 3205 a
320 3145 414 3206 nobis
431 3144 473 3207 sit
490 3144 707 3225 malignorum
725 3165 890 3208 accensus.
907 3155 939 3207 et
956 3165 1066 3207 comes
1086 3143 1180 3206 nobis
1196 3144 1350 3225 dignetur

156 3250 225 3293 esse
237 3230 372 3311 spiritus
389 3241 533 3294 sanctus.
550 3251 608 3312 per
623 3233 796 3294 dominum
814 3242 970 3294 nostrum.

456 3453 572 3516 Musa
596 3467 667 3516 eno
692 3456 880 3519 Ptunmus
904 3454 1048 3517 mucis.

198 3598 335 3659 Praeces
351 3606 479 3659 nostras
495 3618 675 3678 quesumus
690 3601 824 3663 domine
841 3620 968 3662 memor
983 3601 1147 3662 humanae
1163 3597 1349 3679 fragilitatis

158 3682 303 3761 placatus
341 3684 492 3746 admitte.
530 3694 563 3747 et
600 3687 677 3765 quia
723 3685 921 3749 infirmitatis
967 3699 1099 3749 nostrae
1136 3684 1265 3747 conscii.
1304 3683 1347 3745 ad

158 3768 363 3851 impetranda
388 3791 474 3851 quae
500 3772 674 3853 poscimus,
690 3772 733 3834 de
760 3775 951 3836 meritorum
976 3773 1137 3855 qualitate
1159 3770 1346 3832 diffidimus.

157 3857 311 3934 pietatem
338 3869 430 3918 tuam
458 3858 625 3920 humiliter
650 3859 872 3940 imploramus.
889 3871 925 3923 ut
953 3859 1186 3923 intercessione
1213 3866 1347 3919 sanctae

158 3941 205 4004 dei
221 3943 397 4024 genetricis
413 3944 543 4006 mariae.
560 3954 816 4026 sanctorumque
837 3947 1001 4029 somnium
1018 3955 1150 4027 aposto·
1166 3940 1222 4027 [s0.
1243 3945 1302 4020 189
1318 3964 1346 4003 v.

159 4026 258 4091 lorum
276 4040 466 4111 martyrum.
477 4051 515 4092 ac
528 4030 762 4095 consessorum.
775 4044 807 4095 et
818 4034 990 4113 uirginum.
1001 4033 1149 4095 omnium
1166 4032 1345 4092 electorum

157 4124 284 4177 tuorum
313 4115 444 4178 famulis
469 4117 534 4179 tuis
565 4117 609 4179 ill.
637 4138 675 4180 ac
701 4117 887 4182 famulabus
915 4119 1075 4201 propitius
1106 4115 1346 4197 indulgentiam

185 4294 193 4327 ¹
210 4299 320 4365 Perhaps
325 4302 412 4365 grauia
420 4302 509 4351 should
521 4304 552 4352 bc
564 4303 671 4353 inserted
684 4304 750 4354 here.
779 4304 826 4354 See
836 4306 867 4354 G.
879 4307 913 4355 H.
927 4308 1028 4367 Fnrbes‚
1043 4307 1094 4356 Yltc
1102 4306 1212 4355 Ancum
1220 4308 1347 4369 Liturgr'cs

156 4364 183 4425 os
191 4364 232 4412 the
245 4366 361 4415 Gallai‘an
375 4366 484 4426 Chrerch,
497 4368 667 4427 Bumtislantl,
681 4369 749 4431 1867.
764 4370 820 4419 Part
833 4370 866 4418 iii.
883 4388 906 4435 p.
922 4383 977 4435 315.

184 4427 195 4459 ²
211 4430 291 4479 Perha
333 4431 383 4479 this
394 4431 482 4481 should
496 4434 554 4482 read
566 4434 658 4497 quique
696 4451 712 4482 r
722 4435 779 4483 uiae
790 4451 890 4483 cursum
902 4453 997 4485 terram.

184 4492 195 4525 ²
211 4446 337 4559 Probassiy
343 4506 393 4559 per
401 4496 491 4546 should
503 4498 535 4547 be
547 4499 656 4548 inserted
685 4515 733 4549 ere.
