3046 5092
143 302 203 369 ⁸134
363 290 509 345 Memsrs
529 290 589 343 VII.
608 290 713 343 SABB.
731 290 782 343 m
792 290 859 343 XII.
877 288 1144 343 acerrumus.

443 460 617 529 Ssasnro
638 473 682 527 tn
704 460 787 525 XII.
811 458 1077 527 Lscrrouruus

199 572 424 659 Omnipotens
442 573 644 657 sempiterne
665 572 749 637 deus
772 572 830 657 qui
845 594 905 657 per
917 572 1161 639 continentiam
1176 570 1352 639 salutarem

154 670 189 724 et
213 660 407 745 corporibus
431 658 590 745 [mederis
615 669 650 726 et
673 658 841 725 mentibus
864 660 1074 725 maiestatem
1100 670 1197 725 tuam
1234 658 1354 741 luipo

153 748 321 832 supplices
344 767 532 811 exoramus.
548 756 585 811 ut
600 747 656 831 pia
681 746 898 811 ieiunantium
924 745 1221 897 dep'mecationep
1293 754 1352 811 tus

153 846 189 899 et
214 835 402 986 prruaesentia
427 833 524 898 nobis
547 832 697 898 subsidia
721 832 882 917 praebeas
905 841 942 897 et
1002 843 1086 899 tura.
1100 854 1162 919 per
1181 834 1351 899 dominum

153 941 216 987 nos
270 941 313 986 m

707 1038 799 1105 Aleia.

198 1144 253 1210 Da
267 1144 364 1209 nobis
387 1164 568 1229 quesumus
590 1142 803 1229 omnipotens
828 1143 912 1208 deus
926 1152 964 1207 ut
980 1142 1161 1209 ieiunando
1178 1152 1239 1209 tua
1251 1142 1352 1227 gratie

144 1233 321 1297 satiemur.
335 1243 370 1296 et
385 1231 586 1296 abstinendo
609 1232 736 1295 cunctis
758 1229 942 1295 efficiamur
956 1230 1108 1297 hostibus
1123 1230 1284 1297 fortiores
1297 1250 1351 1317 per

154 1320 329 1384 dominum
344 1329 504 1384 nostrum.

708 1437 800 1503 Alia

197 1542 306 1607 Tuere
327 1561 509 1627 quesumus
537 1541 674 1606 domine
703 1541 864 1607 familiam
893 1550 995 1607 tuam
1020 1551 1059 1607 ut
1083 1542 1203 1609 salutis
1224 1552 1347 1621 aeterne

154 1631 301 1781 remgdia
312 1650 401 1731 quae
416 1640 450 1695 te
464 1629 634 1713 aspirante
654 1630 859 1712 requirimus.
874 1638 909 1693 te
923 1626 1086 1713 largiente
1105 1650 1344 1715 consequamur.

155 1737 215 1802 per
252 1736 412 1782 ominum.

709 1836 801 1902 Aleia.

201 1943 336 2006 Praesta
371 1960 554 2024 quesumus
589 1939 727 2005 domine
762 1941 810 2005 sic
846 1959 909 2004 nos
944 1938 989 2003 ab
1024 1938 1156 2025 aepulis
1193 1940 1340 2005 abstinere

155 2028 350 2093 carnalibus.
364 2039 403 2105 ut
417 2048 438 2091 a
453 2028 543 2093 uitiis
565 2046 700 2113 quoque
722 2027 928 2092 inruentibus
944 2025 1069 2111 pariter
1091 2028 1281 2093 ieiunemus
1293 2042 1340 2109 per

155 2117 329 2181 dominum
345 2124 504 2180 nostrum.

711 2224 802 2290 Alta.

201 2330 251 2398 Ut
280 2350 341 2395 nos
371 2329 507 2395 domine
532 2328 649 2394 tribuis
678 2327 864 2414 sollempne
886 2328 948 2393 tibi
972 2326 1101 2393 deferre
1127 2328 1279 2393 ieiunium
1298 2320 1333 2389 sic

156 2418 254 2485 nobis
268 2437 449 2501 quesumus
464 2416 691 2500 indulgentiae
706 2427 784 2480 tuae
799 2425 933 2500 praesta
947 2415 1143 2480 subsidium.
1159 2436 1226 2500 per.

648 2553 710 2616 Ad
721 2553 864 2617 missam.

203 2661 296 2723 Deus
325 2658 381 2741 qui
412 2657 517 2721 tribus
540 2658 649 2740 pueris
672 2657 832 2739 mitigasti
867 2656 1018 2720 flammas
1048 2656 1187 2739 ignium.
1215 2649 1330 2719 concede

158 2747 329 2830 propitius.
347 2757 383 2808 ut
399 2766 460 2807 nos
476 2745 618 2808 famulos
640 2756 716 2809 tuos
739 2764 806 2806 non
830 2755 951 2807 exurat
969 2743 1106 2807 flamma
1122 2745 1276 2807 uitiorum.
1289 2751 1330 2820 ptr

158 2834 332 2897 dominum
349 2841 507 2895 nostrum.

696 2951 832 3016 Secreta.

205 3053 361 3119 Concede
375 3072 555 3134 quesumus
578 3052 790 3134 omnipotens
805 3051 896 3113 deus.
912 3059 950 3113 ut
966 3048 1071 3113 oculis
1086 3057 1166 3112 tuae
1181 3037 1329 3112 maiestatis

163 3162 282 3204 munus
297 3141 458 3204 oblatum.
468 3149 503 3201 et
511 3139 652 3220 gratiam
670 3139 764 3201 nobis
779 3136 968 3200 deuotionis
984 3136 1143 3200 obtineat
1159 3145 1194 3199 et
1207 3133 1329 3197 effectum

164 3230 281 3292 beatae
297 3227 514 3309 perennitatis
530 3227 690 3307 adquirat.
708 3245 766 3307 per
781 3225 953 3287 dominum
970 3235 1130 3287 nostrum.

670 3344 852 3424 Praefatio.

209 3452 259 3515 (D
284 3459 416 3512 aeterne
443 3449 534 3512 deus
581 3450 626 3513 Et
651 3449 711 3512 tibi
735 3446 941 3511 sanctificare
966 3447 1123 3510 ieiunium
1140 3444 1228 3528 quod
1243 3458 1293 3506 nos
1303 3430 1333 3496 ob

165 3538 430 3600 aedificationem
461 3539 646 3599 animarum
676 3546 710 3599 et
740 3536 992 3616 castigationem
1031 3553 1205 3616 corporum
1234 3537 1334 3594 seruate

166 3625 315 3688 docuisti.
363 3622 452 3706 Quia
476 3624 633 3686 restrictis
659 3623 850 3704 corporibus
874 3623 1004 3684 animae
1027 3624 1227 3703 saginantur.
1242 3619 1271 3680 in
1288 3625 1335 3693 ql0

167 3712 269 3774 homo
299 3721 411 3773 noster
440 3710 602 3792 affligitur.
633 3711 786 3772 exterior.
817 3709 976 3771 dilatatur
1013 3704 1172 3791 interior]
1202 3695 1337 3793 [f01·9⁶Y·

169 3799 343 3862 Memento
372 3817 552 3878 quesumus
576 3797 712 3860 domine
736 3796 931 3858 ieiuniorum
962 3806 1160 3857 nostrorum.
1187 3805 1220 3856 et
1243 3790 1338 3854 misen·

168 3886 355 3950 cordiarum
380 3895 511 3948 tuarum
538 3904 621 3965 quas
646 3883 874 3967 peccatoribus
899 3883 974 3964 piae
998 3902 1130 3964 semper
1145 3874 1340 3968 ieiunantibus

168 3973 347 4036 contulisti.
362 3982 397 4034 et
413 3980 545 4055 praesta
569 3981 606 4036 ut
627 3991 694 4034 non
717 3971 825 4033 solum
841 3991 861 4032 a
876 3969 970 4055 cybis
993 3970 1051 4032 sed
1067 3989 1087 4030 a
1104 3968 1248 4050 peccatis
1261 3978 1343 4028 omul-

169 4063 231 4123 bus
247 4060 460 4123 abstinentes.
476 4059 665 4122 deuotionis
680 4058 740 4121 tibi
757 4057 879 4119 ieiunio
894 4057 1095 4138 placeamus.
1111 4075 1172 4138 per
1186 4055 1334 4118 christum·

623 4177 685 4241 Ad
694 4175 921 4259 complendum.

216 4285 391 4349 Perficiant
415 4285 446 4347 in
474 4284 570 4347 nobis
596 4282 731 4345 domine
760 4300 941 4363 quesumus
966 4288 1025 4342 tua
1049 4288 1259 4343 sacramenta
1281 4271 1352 4361 quod

170 4373 350 4435 continent
363 4382 400 4435 ut
410 4391 496 4452 quae
506 4391 593 4433 nunc
605 4369 735 4453 speciae
747 4369 903 4451 gerimus.
915 4387 1023 4431 rerum
1039 4367 1182 4431 ueritate
1194 4368 1356 4452 capiamus

168 4479 235 4544 per.
