3046 5092
548 328 787 379 BENEDICTIO
809 328 953 379 FONTIS.
1323 337 1354 387 97

154 478 221 540 tuis
230 487 384 541 aeternus
394 477 504 541 ueniet
516 478 675 542 interitus.
711 479 853 543 Proinde
863 479 1055 561 dampnate.
1065 479 1108 542 da
1118 478 1277 541 honorem
1288 479 1353 540 deo

155 566 235 627 uiuo
249 574 283 627 et
299 585 385 627 uer0.
402 567 446 628 da
461 565 620 628 honorem
638 567 706 628 iesu
723 566 847 628 christo
864 565 931 628 filio
947 567 1017 628 eius
1033 577 1066 628 et
1082 567 1210 648 spiritui
1227 573 1351 627 sancto.

157 653 195 713 ln
212 653 305 713 cuius
321 653 455 714 nomine
472 663 572 735 atque
587 653 709 715 uirtute
732 654 899 733 praecipio
915 653 974 715 tibi
991 654 1191 734 quicumque
1206 672 1241 714 es
1257 651 1351 733 spiri·

154 750 208 800 tus
225 739 404 801 immunde.
422 751 458 801 ut
473 759 575 801 exeas
591 752 624 801 et
640 741 774 802 recedas
790 740 832 801 ab
848 739 911 801 hoc
923 739 1049 801 famulo
1060 740 1122 802 dei.
1138 759 1237 820 quem
1251 737 1350 799 hodie

155 825 311 901 dominus
335 835 447 888 noster
476 827 563 888 iesus
593 826 734 889 christus
760 826 802 888 ad
835 846 929 888 suam
960 837 1111 888 sanctam
1142 828 1284 907 gratiam
1315 838 1350 885 et

154 911 422 974 benedictionem
456 911 649 993 fontemque
679 913 888 994 baptismatis
926 913 1015 975 dono
1046 933 1164 975 uocare
1195 913 1351 991 dignatus

155 1010 214 1061 est.
230 1008 267 1060 ut
295 998 352 1060 fiat
378 1000 448 1060 eius
470 999 632 1080 templum
663 1020 723 1081 per
751 1019 872 1080 aquam
901 1001 1157 1080 regenerationis
1181 999 1213 1061 in
1238 999 1351 1060 remis·

154 1086 282 1147 sionem
299 1096 509 1166 peccatorum
527 1088 560 1148 in
576 1088 710 1149 nomine
731 1087 858 1149 domini
875 1087 977 1148 nostri
993 1088 1062 1148 iesu
1079 1086 1198 1149 christi.

198 1171 280 1234 Inde
295 1193 369 1234 uero
387 1181 504 1253 tangat
517 1173 550 1235 ei
562 1194 658 1235 nares
671 1183 704 1235 et
716 1193 813 1235 aures
826 1173 864 1234 de
885 1183 976 1254 sputo
998 1173 1113 1235 dicens.

201 1257 312 1322 Effeta
337 1261 427 1340 quod
444 1269 494 1322 est
520 1262 692 1341 adaperire
716 1260 749 1321 in
774 1259 911 1321 odorem
941 1261 1122 1322 suauitatis.
1169 1258 1221 1323 Tu
1238 1269 1349 1321 autem

154 1344 302 1426 effugare
318 1345 457 1408 diabole.
503 1345 798 1428 Adpropinquabit
815 1348 903 1408 enim
920 1347 1078 1408 iudicium
1094 1346 1157 1408 dei.

200 1432 329 1494 ιΡοεὶεα
346 1442 463 1512 tangat
475 1433 509 1494 ei
516 1444 624 1514 pectus
637 1434 676 1495 dc
694 1434 757 1495 oleo
767 1430 966 1506 exorazaato't
976 1430 1257 1512 crucemfaciendo
1267 1431 1352 1514 [cum

147 1518 264 1600 pollice
278 1529 310 1580 ct
323 1528 431 1580 uocato
446 1520 574 1582 nomine
582 1519 723 1582 ciusdem
733 1516 793 1604 (?)]
810 1519 948 1584 ditatur.

203 1604 429 1668 Abrenuntias
445 1617 588 1669 satanae.

203 1693 243 1772 ly.
290 1691 509 1756 Abrenuntio

202 1778 249 1840 Et
253 1778 347 1860 sacis
360 1798 481 1841 crucem
494 1778 515 1861 [.
559 1828 567 1842 .
612 1776 635 1864 .]
652 1779 687 1842 in
696 1790 807 1861 pectus
826 1779 896 1842 eius
909 1788 940 1842 et
953 1779 1050 1845 dabas.

203 1866 248 1928 Et
259 1863 415 1928 omnibus
426 1866 581 1948 operibus
596 1868 674 1929 eius

204 1952 423 2015 Abrenuntio

203 2038 251 2100 Et
263 2038 381 2100 iterum
389 2038 482 2118 facis
494 2060 617 2102 crucem
634 2039 669 2102 in
683 2039 838 2122 scapulas.

202 2125 249 2187 Et
265 2125 419 2189 omnibus
435 2127 569 2208 pompis
585 2128 663 2190 eius.

202 2211 423 2275 Abrenuntio.

476 2343 661 2406 Benedictio
666 2342 778 2425 sontis
792 2363 864 2406 cum
879 2342 1032 2406 laetania.

203 2452 429 2536 Omnipotens
452 2457 653 2537 sempiterne
675 2454 765 2517 deus.
812 2454 943 2517 Adesto
967 2474 1109 2535 magnae
1132 2453 1265 2535 pietatis
1281 2464 1358 2517 tuae

159 2543 335 2622 mysteriis.
360 2540 478 2604 adesto
508 2543 731 2604 sacramentis.
756 2549 789 2604 et
820 2542 862 2602 ad
887 2542 1048 2604 creandos
1080 2561 1184 2603 nouos
1215 2542 1357 2624 populos

156 2647 244 2708 quos
260 2629 320 2690 tibi
344 2627 417 2690 sons
441 2628 651 2710 baptismatis
675 2629 815 2711 parturit
840 2629 992 2709 spiritum
1021 2628 1211 2708 adoptionis
1234 2629 1356 2691 emitte.

157 2725 195 2776 ut
217 2715 308 2795 quod
337 2726 469 2778 nostrae
494 2715 690 2778 humilitatis
716 2716 899 2797 gerendum
925 2723 975 2777 est
999 2712 1197 2797 [ministerio
1234 2714 1290 2797 [so.
1306 2718 1357 2795 67.

156 2811 239 2864 tuae
250 2802 383 2864 uirtutis
399 2801 577 2883 impleatur
590 2802 719 2865 effectu.
730 2821 795 2883 per.

205 2888 269 2950 Per
283 2888 397 2951 omnia
412 2887 544 2951 saecula
558 2888 774 2952 saeculorum.

203 2973 327 3037 Amen.

205 3059 374 3123 Dominus
390 3061 571 3126 uobiscum.

205 3145 253 3209 Et
269 3168 344 3210 cum
360 3148 477 3230 spiritu
494 3157 560 3212 tuo.

206 3234 347 3298 Sursum
363 3234 472 3298 corda.

208 3319 385 3383 Habemus
400 3322 442 3383 ad
459 3320 640 3384 dominum.

205 3406 340 3471 Gratias
355 3427 494 3488 agamus
510 3410 647 3472 domino
662 3409 727 3474 deo
742 3418 864 3472 nostro.

207 3493 358 3575 Dignum
374 3503 408 3556 et
424 3495 546 3558 iustum
563 3506 622 3559 est.

208 3580 258 3644 (D
291 3590 424 3643 aeterne
454 3582 547 3646 deus.
607 3581 674 3664 Qui
705 3582 861 3644 inuisibili
893 3582 1044 3663 potentia
1073 3590 1357 3644 sacramentorum

158 3675 298 3728 tuorum
326 3666 519 3729 mirabiliter
555 3670 700 3750 operaris
737 3668 903 3732 effectum.
963 3670 1009 3732 Et
1047 3668 1123 3730 licet
1161 3688 1220 3730 nos
1259 3671 1360 3732 tantis

161 3753 331 3832 mysteriis
361 3755 564 3835 exequendi²
594 3757 697 3818 simus
727 3757 863 3837 indigni.
894 3765 930 3818 tu
968 3765 1081 3817 tamen
1119 3757 1245 3835 gratiae
1283 3766 1359 3817 tuae

160 3840 254 3901 dona
275 3859 340 3902 non
365 3841 528 3903 deserens.
555 3843 656 3904 etiam
683 3843 725 3904 ad
752 3854 882 3905 nostras
909 3862 1043 3924 praeces
1070 3862 1165 3903 aures
1189 3852 1267 3903 tuae
1291 3843 1360 3923 pie-

160 3926 244 3988 tatis
260 3926 406 3988 inclinas.
453 3927 546 3990 Deus
561 3930 653 3991 cuius
669 3929 804 4010 spiritus
819 3949 918 4011 super
934 3949 1037 4009 aquas
1053 3930 1139 3989 inter
1154 3929 1225 4008 ipsa
1243 3929 1358 3992 mundi

161 4013 346 4094 primordia
362 4012 527 4077 serebatur
549 4024 586 4077 ut
609 4015 674 4077 iam
699 4024 777 4078 tunc
800 4016 957 4078 uirtutem
974 4013 1243 4077 sanctificationis
1259 4035 1359 4096 aqua·

160 4117 235 4161 rum
267 4110 385 4162 natura
415 4101 610 4182 conciperet.
671 4101 777 4164 Deus³
806 4102 956 4164 nocentis
987 4102 1103 4163 mundi
1134 4101 1270 4162 crimina
1301 4122 1360 4183 per

159 4205 267 4266 aquas
290 4185 436 4249 abluens.
453 4189 711 4269 regenerationis
734 4189 879 4270 speciem
903 4189 935 4251 in
958 4188 1031 4270 ipsa
1057 4187 1173 4251 diluuii
1198 4187 1358 4251 effusione

194 4367 202 4399 ¹
219 4369 284 4420 This
294 4371 345 4420 and
358 4371 400 4420 the
411 4371 539 4437 following
549 4373 644 4424 rubrics
653 4389 696 4424 are
707 4374 788 4438 partly
799 4372 915 4437 illegible.

193 4433 204 4465 ²
222 4436 279 4485 MS.
295 4436 426 4500 originally
436 4440 592 4502 exequendas,
606 4439 650 4488 but
668 4439 710 4488 the
721 4439 789 4489 sbas
800 4439 864 4489 been
875 4438 968 4489 erased.
983 4478 984 4482 ,

191 4499 203 4532 ³
217 4502 268 4566 qui
276 4501 382 4550 omitted
394 4501 420 4550 in
432 4501 488 4554 MS.

203 4570 402 4648 Jumacas.
