3046 5092
413 311 520 362 XVIII.
552 312 636 363 KAL.
666 312 749 362 FEB.
779 312 866 363 ΝΑΤ.
898 314 924 364 S.
956 313 1090 367 MAURI.
1307 323 1351 380 151

602 480 665 544 Ad
674 480 899 562 complendum.

199 598 293 661 Deus
319 595 466 660 fidelium
490 604 716 658 remunerator
738 595 935 658 animarum.
958 605 1090 678 praesta
1113 616 1291 678 quesumus
1315 607 1353 660 ut

156 686 246 749 beati
277 684 383 747 hilarii
415 682 610 746 confessoris
631 683 679 744 tui
695 691 796 763 atque
818 681 988 762 pontificis.
1012 682 1103 745 cuius
1127 683 1352 746 uenerandam

155 772 376 854 leelebramus
400 769 623 832 sestiuitatem.
639 768 709 830 eius
726 769 898 849 praecibus
922 769 1163 852 indulgentiam
1208 769 1264 852 [so.
1285 772 1351 834 108.

156 877 405 940 consequamur.
421 876 479 938 per
494 856 675 919 dominum.

187 1053 263 1102 xrx.
288 1038 378 1100 Knr.
404 1036 511 1098 Fran
537 1035 694 1098 Narnia
718 1035 860 1101 sinen
885 1037 1031 1101 Fumcrs
1055 1037 1316 1101 Courassoms.

202 1149 357 1215 Concede
377 1168 557 1230 quesumus
584 1148 794 1229 omnipotens
818 1151 899 1212 deus
923 1160 959 1213 ut
982 1150 1025 1212 ad
1050 1149 1218 1212 meliorem
1249 1149 1353 1213 uitam

157 1246 346 1301 sanctorum
372 1245 504 1298 tuorum
529 1234 685 1317 exempla
716 1255 776 1297 nos
803 1246 994 1315 prouocent.
1025 1246 1188 1318 quatenus
1212 1256 1353 1318 quorum

158 1324 356 1406 sollempnia
371 1322 510 1405 agimus
525 1321 626 1384 etiarn
643 1331 736 1384 actus
752 1322 927 1386 imitemur.
942 1343 1007 1407 per.

689 1454 825 1521 Secreta.

205 1571 345 1634 Hostias
360 1570 419 1633 tibi
435 1569 570 1632 domine
586 1568 674 1631 beati
692 1568 794 1631 felicis
810 1569 1006 1633 confessoris
1022 1571 1070 1633 tui
1087 1571 1214 1633 dicatas
1231 1572 1356 1633 meritis

159 1659 323 1740 benignus
354 1677 493 1720 assume.
523 1665 557 1719 et
595 1656 637 1718 ad
675 1665 872 1737 perpetuum
911 1657 1006 1720 nobis
1043 1656 1151 1720 tribue
1182 1659 1357 1740 prouenire

157 1745 351 1809 subsidium.
367 1764 436 1826 per.

677 1845 861 1926 Praefatio.

205 1961 255 2024 (D
279 1969 412 2022 aeterne
434 1960 524 2022 deus.
572 1957 726 2020 Natalem
750 1959 856 2020 sancti
880 1958 982 2020 felicis
1006 1959 1159 2040 martyris
1183 1960 1229 2021 tui
1246 1958 1360 2022 debita

161 2046 343 2110 sestiuitate
364 2045 552 2108 recolentes.
599 2043 665 2126 Qui
690 2045 861 2125 apostolici
885 2044 1097 2127 pontificatus
1114 2047 1234 2128 dignus
1251 2046 1282 2108 in
1299 2067 1359 2108 sua

160 2144 272 2196 aetate
296 2153 472 2196 successor.
499 2140 533 2195 et
557 2132 710 2213 passione
740 2131 937 2194 fortissimus
962 2133 1116 2194 imitator.
1141 2133 1359 2213 persecutoris

159 2219 311 2303 gladium
327 2219 492 2302 intrepida
514 2218 642 2282 ceruice
665 2219 819 2300 suscepit.
866 2217 1024 2282 Gaudens
1047 2239 1108 2301 pro
1130 2240 1170 2282 eo
1192 2240 1228 2281 se
1251 2220 1359 2301 capite

160 2307 314 2370 truncari.
331 2326 427 2388 aquo
442 2325 509 2368 non
525 2305 630 2386 possit
646 2304 780 2367 abscidi.
796 2325 895 2386 quem
913 2305 1050 2369 laudant
1066 2305 1183 2387 angeli.

616 2444 679 2508 Ad
688 2444 912 2526 complendum.

209 2556 401 2640 Quesumus
434 2557 569 2619 domine
605 2555 803 2619 salutaribus
839 2557 954 2639 repleti
996 2558 1170 2639 mysteriis.
1206 2566 1243 2620 ut
1270 2559 1361 2620 cuius

160 2644 362 2726 sollempnia
377 2644 590 2707 celebramus.
606 2644 676 2706 eius
691 2643 896 2706 orationibus
912 2644 1116 2707 adiuuemur.
1133 2664 1199 2726 per.

237 2835 341 2884 xv111.
367 2819 938 2885 KnuFaan.NnrnLaSnNcr1
964 2820 1094 2884 Mnum
1120 2820 1292 2917 Aassnrrs

211 2950 304 3012 Deus
320 2949 377 3031 qui
393 2961 548 3011 aeternae
573 2948 699 3030 gloriae
726 2949 921 3031 participem
950 2950 1140 3012 concessisti
1160 2949 1228 3012 fieri
1244 2951 1364 3012 beatis-

162 3039 289 3100 simum
306 3055 457 3098 maurum
474 3035 610 3097 leuitam
634 3044 734 3117 atque
750 3035 915 3099 abbatem.
931 3036 1077 3098 concede
1093 3036 1187 3099 nobis
1204 3037 1365 3119 propitius

162 3127 241 3206 ipso
257 3123 435 3185 intercede1
462 3122 589 3184 aditum
619 3123 709 3204 regni
731 3122 882 3186 caelestis
908 3123 1000 3185 cuius
1024 3124 1066 3186 ad
1083 3123 1168 3186 bene
1184 3124 1364 3186 uiuendum

160 3208 385 3274 informamur
399 3207 570 3290 exemplis.
587 3228 652 3290 per.

702 3323 839 3387 Secreta.

215 3427 324 3510 Super
338 3428 419 3490 haec
434 3447 527 3490 sacra
542 3425 683 3502 sancta†
698 3427 856 3490 libamina
866 3427 953 3490 adsit
963 3447 1142 3509 quesumus
1155 3428 1367 3510 omnipotens

166 3519 253 3581 deus
270 3526 348 3577 tuae
373 3515 614 3577 benedictionis
638 3515 742 3596 copia.
768 3524 801 3576 et
825 3513 914 3577 beati
942 3515 1046 3577 mauri
1072 3514 1367 3578 interuenientibus

168 3601 305 3666 meritis.
322 3601 388 3664 sint
409 3601 451 3664 ad
468 3598 665 3684 lremedium
690 3601 815 3664 cunctis
840 3599 992 3663 fidelibus
1009 3601 1148 3682 populis.
1195 3601 1250 3683 [fo.
1272 3606 1362 3665 108v.

166 3710 239 3772 per.

692 3822 872 3902 Praefecto.

217 3934 267 3997 (D
312 3942 446 3996 aeterne
486 3933 577 3995 deus.
646 3932 748 3997 Cuius
786 3931 962 3995 ineffabilis
1000 3933 1107 4013 pietas
1144 3930 1373 3996 beatissimum

167 4039 325 4084 maumm
353 4019 492 4082 leuitam
530 4029 631 4101 atque
666 4019 822 4083 abbatem
856 4019 1012 4100 prouexit
1048 4018 1090 4081 ad
1118 4018 1199 4081 caeli
1226 4019 1404 4100 gloriam.»

167 4107 332 4190 quoniam
349 4106 551 4169 sanctissimi
567 4107 716 4188 magistri
736 4107 785 4169 sui
803 4105 967 4168 benedicti
984 4107 1029 4167 sic
1045 4105 1164 4168 enituit
1181 4115 1324 4168 sectator
1340 4107 1373 4169 in

168 4192 330 4257 omnibus
357 4202 554 4275 cooperatur
579 4192 741 4256 assiduis.¹
767 4203 804 4256 ut
830 4212 905 4255 cum
939 4211 979 4255 eo
1010 4203 1044 4254 et
1077 4192 1200 4254 sanctis
1221 4193 1374 4256 omnibus

171 4283 207 4344 in
225 4279 307 4342 caeli
325 4280 416 4342 curia
432 4288 596 4343 mereatur
611 4277 679 4342 fieri
696 4277 890 4353 adtheleta†
904 4298 963 4362 per
979 4277 1145 4342 christum.

542 4410 550 4444 ¹
568 4414 618 4464 For
628 4415 796 4464 intercedente.

540 4477 551 4510 ²
567 4479 589 4528 f
589 4495 617 4529 or
628 4486 764 4544 cooperator
773 4480 895 4529 osso'duus.
