3046 5092
568 344 679 395 mssa
700 344 774 394 pro
796 344 957 395 DEuoro.
1311 355 1360 409 253

155 494 299 558 defleam
323 504 357 558 et
380 493 412 556 in
432 494 648 576 postmodum
672 513 738 557 non
766 494 952 557 admittam.
968 503 1092 556 etcum
1110 494 1190 556 mihi
1206 504 1358 558 extrema

156 582 229 644 dies
259 580 400 662 finisque
429 581 518 644 uitae
547 581 727 644 aduenerit.
754 581 942 643 emundatis
972 580 1101 643 delictis
1125 581 1280 645 omnibus
1305 602 1358 644 me

156 667 296 750 angelus
312 668 498 732 sanctitatis
514 668 679 751 suscipiat.
697 687 755 750 per
770 667 953 731 dominum.

714 832 805 895 Alia.

204 960 427 1024 Deuotionem
444 982 553 1025 meam
570 962 725 1024 dominus
748 962 926 1044 dignanter
942 962 1101 1026 intendat.
1118 972 1151 1025 et
1167 963 1357 1026 diuturnam

157 1048 263 1111 uitam
289 1048 369 1110 mihi
394 1069 469 1111 cum
494 1048 733 1129 tranquillitate
760 1050 929 1112 concedat.
946 1049 1078 1130 taleque
1105 1050 1185 1112 milri
1209 1051 1241 1112 in
1266 1071 1358 1133 prae-

158 1135 244 1198 senti
260 1135 392 1198 saeculo
407 1136 539 1198 tribuat.
556 1145 593 1197 ut
608 1133 744 1217 padysil
760 1155 813 1197 me
824 1136 855 1197 in
867 1134 977 1199 futuro
992 1135 1213 1200 habitatorem
1229 1136 1358 1200 efficiat.

160 1231 194 1285 et
225 1222 272 1284 ita
301 1242 357 1284 cor
388 1242 498 1285 meum
529 1221 757 1285 benedicendo
788 1221 979 1286 sanctificet.
1012 1234 1048 1286 ut
1079 1243 1209 1287 mecum
1241 1225 1359 1305 iugiter

159 1307 310 1371 habitare
325 1308 475 1372 delectet.
491 1329 550 1391 per
565 1308 746 1371 dominum.

560 1560 676 1622 Mrssn
701 1573 771 1622 ruo
796 1560 964 1624 Dauom.

204 1703 296 1766 Deus
319 1704 376 1785 qui
401 1702 557 1767 iustificas
584 1705 722 1786 impium
750 1714 784 1767 et
812 1725 877 1768 non
906 1706 955 1768 uis
982 1715 1121 1768 mortem
1139 1716 1358 1787 peccatorum.

158 1791 369 1853 maiestatem
386 1801 478 1853 tuam
494 1791 686 1873 suppliciter
708 1791 954 1873 depraecamur.
971 1802 1007 1855 ut
1031 1791 1190 1855 famulum
1207 1802 1301 1856 tuum
1318 1793 1360 1856 de

157 1888 218 1940 tua
229 1878 451 1940 misericordia
460 1876 691 1941 confidentem.
702 1879 834 1941 caelesti
846 1888 1001 1961 protegas
1012 1877 1188 1960 [benignus
1198 1879 1254 1961 [lo.
1271 1883 1306 1942 18
1311 1897 1358 1958 3v.

157 1964 295 2026 auxilio,
308 1975 341 2026 et
351 1964 484 2026 assidua
499 1965 704 2045 protectione
721 1985 903 2028 conserues.
917 1975 953 2028 ut
969 1965 1028 2028 tibi
1041 1967 1160 2048 iugiter
1176 1966 1360 2030 famuletur,

155 2059 193 2112 et
209 2051 307 2113 nullis
323 2050 597 2132 temptationibus
613 2072 633 2113 a
648 2060 682 2114 te
697 2062 874 2133 separetur.
891 2072 949 2134 per
964 2053 1137 2115 dominum
1155 2066 1312 2116 nostrum.

689 2206 825 2280 Secreta.

206 2334 315 2397 Huius
339 2353 517 2414 quesumus
544 2334 679 2397 domine
703 2336 824 2398 uirtute
851 2335 1008 2416 mysterii.
1030 2345 1063 2398 et
1090 2355 1110 2397 a
1135 2336 1273 2417 propriis
1301 2357 1361 2398 nos

160 2421 287 2484 munda
317 2420 453 2483 delictis.
484 2429 517 2482 et
548 2419 708 2483 famulum
739 2432 842 2484 tuum.
878 2422 918 2484 N.
957 2421 1000 2483 ab
1032 2423 1188 2486 omnibus
1226 2422 1361 2486 absolue

158 2508 314 2591 peccatis.
331 2527 389 2589 per
404 2507 576 2569 dominum
594 2518 750 2570 nostrum.

670 2661 853 2739 Praefatio.

205 2789 256 2853 ff)
289 2800 423 2851 aeterne
452 2789 541 2850 deus.
588 2787 653 2870 Qui
685 2809 720 2852 es
751 2790 911 2852 iustorum
942 2789 1047 2869 gloria
1075 2799 1108 2851 et
1141 2789 1362 2853 misericordia

160 2885 383 2958 peccatorum.
421 2875 580 2956 pietatem
625 2886 716 2938 tuam
763 2875 877 2938 humili
916 2896 1032 2956 praece
1070 2875 1288 2956 deposcimus.
1327 2887 1363 2940 ut

164 2961 323 3025 famulum
340 2973 442 3024 tuum.
467 2961 508 3023 N.
536 2962 698 3044 benignus
716 2962 877 3044 respicias.
890 2972 923 3024 et
937 2962 1069 3043 pietatis
1085 2972 1161 3024 tuae
1176 2963 1360 3026 custodiam

164 3050 346 3130 impendas.
393 3048 442 3112 Ut
465 3068 510 3110 ex
533 3057 606 3111 toto
628 3050 727 3111 corde
750 3060 783 3111 et
802 3070 846 3110 ex
863 3058 934 3111 tota
958 3058 1069 3111 mente
1093 3049 1152 3111 tibi
1176 3050 1305 3111 seruiat.
1330 3062 1361 3113 et

162 3136 224 3198 sub
243 3145 302 3197 tua
321 3155 452 3217 semper
470 3136 676 3216 protectione
692 3137 859 3198 consistat.
876 3146 913 3197 ut
928 3135 1063 3216 quando
1078 3136 1108 3197 ei
1124 3146 1276 3198 extrema
1292 3138 1362 3199 dies

164 3222 343 3285 aduenerit.
359 3222 552 3284 societatem
575 3223 725 3284 omnium
749 3232 938 3284 sanctorum
964 3223 1132 3303 percipiat.
1148 3242 1222 3283 curn
1245 3224 1363 3302 quibus

164 3308 416 3371 inenarrabilem
433 3309 572 3389 gloriam
589 3309 660 3371 sine
676 3307 741 3370 line
757 3309 924 3391 percipiat.
941 3329 1000 3389 per
1015 3308 1173 3370 christum
1190 3310 1362 3372 dominum

163 3406 320 3459 nostrum.

617 3530 680 3592 Ad
689 3530 914 3610 corrrplendum.

207 3657 384 3722 Purificcnt
400 3679 461 3721 nos
484 3659 619 3720 domine
644 3670 851 3721 sacramenta
876 3679 960 3740 quae
983 3659 1193 3741 sumpsimus.
1209 3670 1243 3720 et
1259 3659 1362 3722 lamu-

167 3743 230 3809 lum
257 3756 361 3808 tuum.
394 3745 435 3807 N.
467 3744 510 3807 ab
536 3745 627 3807 omni
657 3745 755 3826 culpa
785 3745 924 3807 liberum
955 3766 1027 3808 esse
1058 3747 1211 3809 concede.
1241 3756 1278 3808 ut
1308 3748 1362 3827 qui

165 3833 384 3896 conscientiae
416 3842 507 3894 reatu
538 3832 780 3913 constringitur.
811 3831 962 3893 caelestis
993 3831 1128 3894 remedii
1159 3831 1363 3913 plenitudine

164 3918 326 3999 glorietur.
344 3938 402 4000 per
417 3918 598 3981 dominum.

650 4119 746 4180 tran
771 4119 876 4180 Anu.

207 4256 432 4339 Omnipotens
458 4256 659 4338 sempiterne
686 4255 768 4318 deus
794 4253 966 4317 confitenti
995 4253 1054 4317 tibi
1080 4252 1204 4316 famulo
1231 4263 1296 4316 tuo.
1322 4253 1361 4315 N.

168 4363 223 4424 pro
237 4353 296 4407 tua
312 4344 436 4425 pietate
451 4353 589 4424 peccata
612 4341 733 4404 relaxa.
746 4352 782 4404 ut
799 4361 865 4403 non
877 4340 952 4423 plus
967 4340 997 4402 ei
1010 4349 1127 4403 noceat
1143 4341 1363 4403 conscientiae

168 4440 273 4580 reattgs
291 4432 334 4530 ad
360 4449 513 4511 poenam.
538 4448 639 4511 quam
665 4427 872 4510 indulgentia
896 4437 973 4490 tuae
997 4428 1130 4508 pietatis
1154 4429 1196 4490 ad
1220 4427 1360 4490 ueniam.

166 4536 222 4599 per
260 4535 420 4580 ominum.
