3046 5092
225 261 257 309 42
535 249 590 297 DE
616 248 638 297 C
640 248 774 298 OMPUT
772 249 793 296 0
817 248 869 297 EC
871 247 1024 297 CLESIAS
1027 246 1052 295 T
1048 247 1118 297 ICO.

274 401 313 462 In
332 421 444 464 mense
468 401 517 463 xii
540 402 737 464 adcrescunt
759 402 873 482 puncti
896 400 944 462 xii
966 401 999 462 in
1023 420 1113 463 anno
1135 420 1202 464 uno
1224 401 1281 482 qui
1306 399 1432 462 iaciunt

229 486 327 550 horas
351 489 411 550 iiies
426 489 458 550 in
485 484 566 560 alial
590 508 679 550 anno
705 487 804 550 horas
831 488 891 549 iiies
907 489 940 549 in
960 488 1010 549 iiio
1025 507 1114 549 anno
1129 487 1227 550 horas
1243 489 1303 549 jjjes
1319 487 1352 548 in
1370 487 1432 547 iiiio

229 573 327 636 horas
343 575 403 636 iiies
418 584 451 637 et
468 576 538 657 ipse
553 575 655 637 horae
677 575 804 638 faciunt
826 574 925 636 horas
948 575 996 637 xii
1013 584 1046 637 et
1062 575 1093 637 vi
1111 575 1173 637 kal.
1192 584 1288 637 mart.
1305 572 1432 636 iaciunt

229 661 318 723 diem
335 682 437 723 unum
461 672 495 724 et
518 660 600 744 ipsel
616 662 670 724 dic
694 663 816 724 mensis
841 660 919 724 febr.
935 661 1071 742 quando
1095 661 1262 724 bissextus
1283 661 1432 723 euenerit

229 748 358 829 accipit.

275 835 465 898 Bissextum
492 856 557 897 non
583 835 627 898 ob
654 835 746 898 illum
772 835 861 897 diem
888 833 1019 898 fierint
1045 833 1181 916 quidam
1207 843 1327 915 putant
1353 853 1429 896 cum

230 921 343 984 iosuae
369 922 473 984 solem
500 922 617 984 orabat
638 932 725 985 stare
743 922 944 984 credendum
968 933 1027 985 est.
1043 922 1122 1003 quia
1145 921 1199 983 ille
1220 921 1291 982 dies
1314 920 1375 983 fuit
1397 932 1431 982 et

230 1009 385 1089 preteriit.
402 1010 459 1070 sed
477 1007 598 1070 abhoc
614 1009 734 1071 dicitur
749 1007 926 1071 bissextus.
942 1010 1032 1090 quod
1049 1010 1082 1071 in
1098 1027 1299 1089 unoquoque
1316 1026 1431 1069 mense

229 1104 372 1176 punctus
388 1115 472 1157 unus
488 1096 613 1158 crescit.
659 1096 805 1157 Punctus
821 1116 900 1158 uero
922 1115 1008 1158 unus
1030 1106 1149 1177 quarta
1164 1114 1239 1176 pars
1255 1095 1356 1157 horae
1372 1105 1431 1156 est.

230 1183 304 1243 iiii0r
319 1202 397 1245 uero
421 1184 534 1263 puncti
557 1202 658 1244 unam
684 1182 800 1244 horam
825 1181 959 1245 faciunt.
976 1183 1023 1244 xii
1050 1202 1129 1244 uero
1151 1182 1266 1264 puncti
1283 1182 1316 1243 iii
1333 1180 1433 1243 horas

232 1356 331 1419 Diem
356 1355 481 1418 faciunt
497 1375 600 1418 unum
616 1357 673 1436 qui
690 1357 824 1419 additur
847 1356 1017 1419 februario.
1037 1355 1189 1437 Cumque
1207 1357 1237 1418 vi
1255 1353 1318 1417 kal.
1336 1364 1431 1416 mart

230 1442 381 1505 habuerit
397 1453 430 1504 et
447 1453 483 1505 ut
497 1446 528 1504 in
545 1444 690 1504 crastino
706 1444 752 1504 sic
768 1443 890 1506 habeat
906 1443 998 1506 uerbi
1014 1445 1121 1524 gratia
1143 1443 1170 1504 si
1194 1442 1294 1505 hodie
1308 1441 1340 1504 vi
1366 1440 1432 1504 kal.

231 1540 323 1591 mart.
349 1530 483 1592 additur
510 1529 564 1591 ille
590 1530 662 1591 dies
688 1530 744 1610 qui
769 1539 888 1611 quarto
915 1549 1003 1591 anno
1027 1528 1183 1611 expletus
1204 1538 1261 1591 est
1278 1538 1316 1590 ut
1339 1539 1373 1590 et
1398 1528 1431 1589 in

229 1617 373 1678 crastino
396 1617 442 1678 sie
466 1616 589 1678 habeat
611 1618 642 1679 vi
666 1616 729 1678 kal.
747 1626 841 1679 mart.
859 1625 892 1678 et
919 1617 995 1678 ideo
1022 1616 1192 1678 bissextus
1216 1615 1337 1678 dicitur
1351 1615 1433 1695 quia

231 1702 280 1765 bis
297 1703 417 1783 legitur
432 1705 463 1765 vi
481 1703 543 1765 kal.
562 1713 655 1766 mart.

274 1788 386 1871 Quare
402 1788 439 1852 fit
454 1790 622 1852 bissextus
638 1800 671 1852 et
687 1790 857 1871 quomodo
873 1788 909 1851 fit
924 1800 959 1852 et
974 1790 1054 1871 quid
1077 1799 1164 1851 esset
1180 1789 1206 1850 si
1223 1808 1288 1851 non
1306 1788 1433 1851 suisset.

274 1876 386 1959 Quare
403 1877 435 1938 id
448 1887 499 1939 est
514 1878 592 1958 quia
608 1897 674 1938 non
692 1878 831 1958 implent
848 1876 965 1939 ccclxv
981 1877 1052 1940 dies
1067 1876 1208 1938 solarem
1224 1895 1352 1938 annum
1369 1876 1432 1937 nisi

229 1963 344 2025 suisset
359 1965 534 2044 quadrans.
582 1964 635 2026 Fit
651 1965 819 2045 quadrans
835 1984 893 2045 per
915 1973 1024 2026 toturn
1041 1983 1165 2025 annum
1181 1973 1216 2026 et
1232 1982 1382 2025 mensem
1398 1972 1433 2025 et

229 2051 326 2112 diem.
374 2050 484 2112 Primo
508 2070 597 2112 anno
621 2051 737 2131 incipit
766 2050 932 2131 quadrans
960 2072 979 2114 a
1003 2050 1082 2112 solis
1112 2069 1230 2112 occasu
1261 2069 1368 2131 usque
1399 2050 1432 2111 in

231 2138 375 2199 mediam
400 2147 541 2200 noctem.
589 2138 711 2218 Incipit
727 2139 896 2218 quadrans
918 2138 997 2199 anni
1019 2137 1155 2199 secundi
1171 2156 1191 2199 a
1208 2137 1318 2198 media
1334 2146 1433 2199 nocte

228 2244 333 2305 usque
349 2224 391 2287 ad
408 2224 485 2286 solis
501 2233 619 2287 ortum.
665 2222 843 2305 Quadrans
866 2225 949 2286 temi
972 2225 1050 2286 anni
1076 2244 1096 2286 a
1119 2222 1198 2286 solis
1222 2234 1305 2286 ortu.
1327 2243 1434 2306 usque

229 2312 272 2373 ad
304 2321 434 2373 sextam
466 2311 590 2373 horam.
652 2309 829 2392 Quadrans
859 2311 1010 2393 quaterni
1042 2311 1119 2372 anni
1156 2331 1177 2372 a
1214 2320 1313 2372 sexta
1351 2310 1434 2373 hora

229 2417 333 2478 usque
363 2399 405 2460 ad
437 2398 515 2460 solis
542 2418 706 2461 occasum.
751 2398 956 2461 Turbaretur
985 2398 1067 2460 ordo
1097 2408 1286 2479 temporum
1312 2397 1339 2459 si
1365 2417 1433 2460 non

229 2484 344 2546 fuisset
370 2484 544 2564 quadrans.
592 2483 770 2565 Quadrans
795 2505 939 2566 namque
966 2485 1093 2546 dicitur.
1111 2494 1230 2565 quarta
1255 2504 1332 2565 pars
1357 2483 1433 2546 diei.

227 2661 259 2720 vi
276 2660 443 2740 quadrans
459 2669 615 2720 consuete
631 2669 779 2721 uocatus.

274 2746 327 2808 De
352 2744 502 2807 bissexto
527 2748 670 2827 primum
696 2745 792 2807 nobis
820 2745 1091 2826 interrogandum
1119 2756 1169 2807 est
1196 2745 1340 2826 qualiter
1367 2744 1431 2806 bis·

229 2843 353 2895 sextus
372 2843 427 2895 aut
445 2833 523 2913 quid
541 2832 642 2894 efficit
659 2832 853 2894 bissextum.
870 2842 927 2894 aut
951 2833 992 2894 de
1015 2832 1104 2914 quali
1129 2834 1268 2894 materia
1293 2831 1434 2894 efficitur

228 2930 261 2981 et
278 2920 366 2980 unde
382 2920 524 3000 primurn
542 2921 659 3000 coepit
676 2929 710 2981 et
725 2930 887 2999 quantum
911 2921 953 2982 de
977 2919 1033 2981 illo
1049 2921 1164 2981 crescit
1181 2920 1213 2980 in
1231 2938 1432 3000 unoquoque

229 3027 325 3068 anno.
342 3017 375 3069 et
390 3017 551 3087 quantum
577 3008 609 3067 in
633 3027 836 3088 unoquoque
852 3008 912 3069 die.
929 3016 962 3068 et
986 3008 1018 3067 in
1044 3026 1246 3087 unoquoque
1269 3026 1385 3068 mense
1400 3014 1434 3067 et

230 3094 261 3154 in
290 3114 356 3174 quo
382 3093 463 3155 loco.
487 3103 519 3155 et
548 3094 579 3154 in
605 3114 671 3174 qua
695 3096 748 3156 die
772 3095 924 3155 datarum
952 3094 1094 3175 ponitur.
1119 3096 1180 3155 iste
1205 3094 1385 3156 bissextus,
1400 3101 1433 3155 et

229 3181 303 3261 quis
334 3180 477 3260 primum
513 3181 639 3242 inuenit
671 3180 866 3243 bissextum.
927 3181 1101 3243 Bissextus
1139 3200 1218 3261 ergo
1256 3190 1433 3262 propterea

230 3268 349 3328 dicitur
366 3278 500 3349 propter
523 3268 573 3329 bis
601 3268 759 3330 kalendas
787 3268 984 3329 nominatas.
1001 3269 1047 3329 sic
1072 3267 1160 3328 enim
1185 3267 1306 3328 dicitur
1320 3268 1353 3328 vi
1370 3266 1433 3330 kal.

228 3353 328 3415 hodie
343 3356 374 3415 vi
391 3354 454 3416 kal.
470 3375 551 3416 cras,
565 3356 615 3416 uel
633 3365 807 3437 propterea
828 3354 947 3416 dicitur
963 3354 1131 3415 bissextus
1148 3355 1180 3417 id
1196 3362 1247 3415 est
1263 3354 1434 3416 bissextus

229 3441 348 3502 sexies.
397 3440 521 3503 Sextus
548 3452 660 3504 autem
686 3443 770 3503 duas
797 3441 895 3503 horas
916 3440 1088 3521 significat.
1117 3442 1203 3502 duae
1228 3461 1307 3522 ergo
1332 3440 1434 3503 horae

229 3624 403 3695 propterea
440 3616 559 3676 dicitur
597 3615 764 3676 bissextus
813 3616 907 3695 quasi
956 3614 1124 3676 bissextus
1162 3615 1280 3676 sexies.
1344 3613 1432 3676 Nam

229 3711 346 3763 sextus
374 3702 448 3763 ideo
475 3702 594 3763 dicitur
615 3702 693 3782 quia
721 3722 796 3782 pars
821 3703 903 3762 assis
925 3711 981 3763 est.
999 3702 1061 3762 hoc
1087 3713 1138 3764 est
1162 3702 1249 3763 duae
1272 3702 1390 3763 unciae
1406 3702 1434 3762 si

231 3789 261 3848 in
285 3790 493 3869 ponderibus.
520 3789 552 3850 in
578 3798 728 3869 tempore
752 3798 864 3850 autem
889 3789 972 3850 duas
997 3788 1095 3850 horas
1120 3787 1294 3868 significat.
1342 3787 1434 3868 Quid

228 3895 308 3955 ergo
345 3875 445 3936 efficit
482 3875 679 3936 bissextum.
704 3875 767 3936 hoc
804 3884 854 3937 est
892 3875 1031 3937 tarditas
1069 3895 1182 3937 cursus
1213 3874 1301 3936 solis.
1350 3875 1435 3939 lnde

230 3964 427 4041 augustinus
454 3963 542 4024 dicit.
574 3962 665 4023 breui
703 3971 816 4023 autern
855 3970 888 4023 et
926 3963 1054 4043 uulgari
1086 3963 1213 4023 ratione
1244 3961 1435 4023 bissextum

231 4050 410 4111 retardatio
448 4059 585 4130 generat
623 4048 709 4111 solis.
738 4068 804 4110 non
840 4049 882 4109 ad
914 4049 1054 4110 eandem
1091 4048 1212 4110 lineam
1253 4049 1336 4110 caeli
1377 4069 1436 4130 per

229 4136 346 4197 ccclxv
373 4138 442 4198 dies
470 4136 568 4216 plene
597 4136 765 4197 redeuntis
796 4155 816 4196 a
846 4154 912 4216 qua
943 4135 1089 4198 recurrit.
1151 4136 1434 4217 Interrogandum

228 4233 278 4284 est
305 4243 383 4303 ergo
411 4224 472 4284 iste
496 4224 664 4303 quadrans
688 4221 730 4284 de
754 4242 821 4302 quo
846 4222 1013 4285 bissextus
1039 4223 1191 4284 nascitur.
1208 4223 1242 4284 in
1267 4243 1335 4304 quo
1360 4222 1436 4286 loco

686 4431 693 4462 ¹
712 4434 844 4484 Correctetl
857 4445 884 4483 to
895 4435 956 4497 apsa.
