3046 5092
194 284 242 335 144
481 268 554 319 ORA
560 266 699 319 mortes
714 264 939 319 cormunis
951 266 1105 323 umus.

744 416 837 481 Adria

235 520 328 584 Deus
343 494 405 601 qui
416 527 529 583 nostra
543 517 710 601 conspicis
722 514 856 601 semper
869 514 1065 583 infirmitate
1071 516 1222 585 destitui
1231 520 1397 587 mirentur

190 608 240 673 tui
256 627 317 671 nos
332 605 523 670 uisitatione
537 605 677 669 custodi.
693 624 761 688 per.

410 784 615 848 lucremur
636 778 861 847 omarouus
883 794 956 848 rao
979 782 1170 851 Pnccsms

234 887 370 955 Exaudi
385 887 521 952 domine
545 884 708 969 gemitum
734 884 849 970 populi
871 886 1104 969 supplicantis·
1113 896 1154 951 ut
1167 886 1227 970 qui
1241 888 1286 953 de
1301 889 1397 955 meri·

188 985 299 1042 torum
334 974 495 1077 qualitate
532 972 723 1037 diffidimus.
752 992 821 1037 non
849 972 1009 1038 iudicium
1038 974 1100 1039 sed
1133 976 1394 1041 misericordiam

188 1083 347 1145 consequi
363 1081 556 1126 mereamur.
573 1079 640 1143 per.

232 1264 393 1333 Succurre
407 1282 588 1346 quesumus
610 1163 891 1345 domineAplrissulo
906 1260 1116 1347 supplicanti.
1133 1273 1168 1329 et
1182 1284 1285 1349 opem
1302 1275 1393 1331 tuam

188 1354 297 1418 tribue
333 1352 496 1434 benignus
533 1348 680 1413 infirmis.
718 1358 756 1412 ut
791 1350 919 1413 sincera
955 1350 1017 1415 tibi
1050 1361 1163 1416 mente
1200 1354 1326 1419 deuoti
1362 1364 1395 1419 et

188 1439 371 1525 praesentis
386 1439 476 1502 uitae
491 1436 644 1501 remediis
658 1435 829 1519 gaudeant
844 1445 878 1501 et
892 1435 1030 1501 suturae
1045 1456 1112 1521 per.

745 1548 835 1612 Alica

233 1648 369 1713 Exaudi
391 1666 573 1732 quesumus
598 1645 734 1710 domine
758 1646 937 1729 suppliccs¹
952 1668 1096 1730 praeces
1110 1658 1147 1713 et
1160 1648 1396 1718 confitentium

187 1734 263 1821 ltibi
279 1756 378 1820 parce
393 1735 547 1819 peccatis.
560 1743 597 1797 ut
609 1733 733 1816 pariter
741 1734 839 1797 nobis
851 1732 1094 1818 indulgentiam
1109 1736 1239 1803 tribuas
1255 1738 1396 1823 [fo.1o3.

186 1824 351 1907 benignus
366 1831 400 1886 et
415 1841 541 1907 pacem.
556 1839 622 1904 per.

230 2033 401 2099 Conserua
426 2052 606 2115 quesumus
630 1930 954 2115 dominljlpaopulum
978 2040 1083 2097 tuum
1107 2042 1142 2099 et
1168 2033 1214 2099 ab
1237 2036 1398 2103 omnibus

187 2141 271 2204 quas
297 2140 462 2184 meremur
484 2118 742 2182 aduersitatibus
768 2119 871 2182 redde
894 2139 1056 2183 securum.
1083 2130 1121 2183 ut
1150 2124 1400 2207 tranquillitate
1493 2140 1500 2173 ³

186 2210 310 2273 deuota
325 2207 385 2270 tibi
402 2216 513 2270 mente
528 2206 702 2270 deseruiat
718 2225 777 2289 per
791 2205 965 2270 dominum
981 2216 1140 2273 nostrum.

745 2317 838 2381 Alia.

230 2416 456 2483 Afflictionem
474 2415 620 2480 familiae
634 2424 713 2479 tuae
728 2420 909 2498 quesumus
923 2415 1061 2481 domine
1076 2418 1217 2483 intende
1233 2422 1400 2505 placatus
1500 2469 1506 2503 3

186 2517 224 2569 ut
240 2504 368 2568 indulta
384 2505 480 2566 uenia
496 2513 716 2586 peccatorum.
729 2504 772 2565 de
789 2505 853 2566 tuis
869 2523 1002 2585 semper
1016 2504 1186 2569 beneficiis
1203 2509 1400 2589 gloriemur.

187 2614 252 2677 per.

586 2740 811 2805 Comomurs
836 2741 987 2806 Dmuus.

230 2856 323 2919 Deus
340 2855 396 2935 qui
413 2852 576 2934 conspicis
591 2854 681 2914 omni
700 2873 760 2914 nos
775 2854 897 2916 uirtute
913 2854 1058 2918 destitui.
1075 2855 1215 2920 interius
1231 2864 1401 2927 exterius·

185 2963 250 3026 que
267 2942 405 3005 custodi.
422 2951 457 3003 ut
474 2952 506 3001 et
524 2942 566 3001 ab
588 2941 743 3002 omnibus
768 2940 1025 3004 aduersitatibus
1049 2944 1243 3008 muniamur
1268 2949 1304 3010 in
1329 2972 1400 3013 cor·

186 3050 274 3112 pore.
314 3039 346 3091 et
384 3050 403 3090 a
434 3030 545 3109 prauis
575 3027 833 3109 cogitationibus
863 3028 1063 3091 mundemur
1100 3030 1133 3091 in
1171 3044 1302 3098 mente.
1343 3059 1401 3120 per
1504 3032 1508 3039 ’

185 3116 370 3179 dominum.

742 3225 833 3288 Alia.

229 3328 364 3392 Gratiae
380 3335 456 3388 tuae
472 3345 652 3406 quesumus
673 3325 807 3386 domine
831 3325 1035 3408 supplicibus
1051 3328 1116 3390 tuis
1132 3327 1244 3393 tribue
1261 3331 1401 3416 largita·

185 3427 262 3480 tem.
300 3425 338 3477 ut
376 3415 534 3474 mandata
572 3423 630 3474 tua
668 3423 701 3474 te
738 3425 898 3493 operante
928 3423 1093 3476 sectantes
1123 3417 1400 3486 consolationem

184 3502 366 3586 praesentis
383 3502 471 3563 uitae
488 3501 672 3581 percipiant
688 3509 721 3561 et
737 3499 874 3561 suturae.
892 3520 950 3581 per
964 3501 1146 3565 dominum.

741 3610 832 3674 Alia.

229 3712 414 3779 Subucniat
431 3710 526 3773 nobis
542 3730 723 3790 quesumus
747 3710 882 3772 domine
900 3711 1007 3792 gratia
1023 3720 1091 3774 tua.
1107 3720 1144 3774 ut
1160 3712 1206 3776 ab
1224 3715 1399 3783 iminenti·

183 3802 246 3864 bus
273 3810 485 3883 peccatorum
515 3808 702 3859 nostrorum
733 3797 886 3879 periculis
919 3808 952 3861 te
977 3818 1163 3863 mereamur
1191 3814 1401 3889 protegente

182 3889 311 3952 saluari.
327 3908 386 3969 per
401 3886 583 3949 dominum.

737 3986 829 4050 Alia.

226 4091 308 4154 on
339 4087 515 4151 clamantis
539 4086 719 4148 aecclesiae
748 4107 931 4167 quesumus
954 4087 1090 4150 domine
1115 4089 1158 4151 ad
1189 4111 1296 4158 aures
1322 4107 1400 4162 tuae

184 4179 317 4260 pietatis
333 4176 500 4238 ascendat.
517 4182 553 4235 ut
571 4187 726 4254 percepta
750 4174 848 4236 uenia
871 4184 1084 4256 peccatorum
1101 4184 1135 4240 te
1151 4175 1213 4241 fiat
1229 4197 1400 4266 operante

181 4266 325 4329 deuota.²
342 4270 537 4346 protegente
552 4280 674 4323 secura.
692 4281 760 4342 per.

537 4369 545 4399 l
565 4371 688 4433 Probably
699 4370 737 4419 ior
748 4371 896 4435 supplicum.

537 4434 549 4468 ²
565 4437 689 4500 Probably
702 4443 725 4486 te
736 4437 758 4487 is
768 4436 873 4488 omitted
885 4435 912 4487 iu
923 4435 966 4489 the
977 4436 1036 4490 MS.
