3046 5092
427 330 743 383 BENEDICTIONES
762 332 810 382 IN
826 331 1081 383 MONASTERIO.
1312 342 1361 393 279

161 485 316 549 cordibus
332 484 529 549 famulorum
553 496 685 550 tuorum
701 486 747 550 ob
760 486 902 569 gratiam
926 484 1121 549 saluationis
1144 483 1254 548 locum
1271 482 1359 547 hunc

161 572 442 654 frequentantium
472 592 603 655 semper
633 573 749 636 adesse
782 573 935 654 digneris.
966 573 1009 635 sit
1039 592 1153 635 eorum
1185 590 1294 634 sermo
1325 570 1358 632 in

160 660 280 722 timore
295 669 355 723 tuo
370 659 502 741 ignitus.
517 669 618 741 atque
644 658 712 722 sale
738 660 900 722 conditus,
917 667 954 721 ut
978 679 1054 721 cum
1074 659 1150 721 hinc
1167 657 1360 720 recesserint

161 747 386 810 aduenientes.
403 746 445 809 de
460 746 618 829 exemplo
640 766 754 809 eorum
778 745 916 828 gloriam
933 747 981 807 tui
999 746 1141 809 nominis
1157 745 1357 827 praedicent.

160 852 227 915 per.

679 936 721 999 In
743 937 842 1000 Arca.

207 1047 395 1129 Multiplica
410 1047 545 1111 domine
571 1068 670 1131 super
692 1068 754 1110 nos
780 1048 1037 1110 misericordiam
1058 1057 1209 1110 tuamet
1225 1066 1359 1129 praeces

161 1144 292 1196 nostras
318 1135 479 1216 propitius
503 1135 664 1197 exaudire
690 1135 834 1217 dignare.
851 1145 885 1197 et
909 1136 994 1196 sicut
1013 1135 1180 1196 exaudisti
1197 1133 1358 1196 famulum

160 1229 256 1283 tuum
274 1241 385 1303 regem
401 1222 500 1284 david
517 1221 573 1302 qui
590 1231 623 1284 te
639 1222 671 1284 in
688 1241 766 1284 area
781 1221 905 1284 hostias
917 1221 1088 1284 offerendo
1104 1219 1258 1301 placauit.
1276 1221 1356 1281 iram

160 1309 290 1370 auertit.
315 1307 555 1388 indulgentiam
582 1308 781 1390 impetrauit.
841 1309 893 1371 Ita
919 1309 1032 1370 ueniat
1055 1326 1235 1389 quesumus
1261 1326 1360 1388 super

159 1393 247 1457 hanc
272 1414 382 1456 aream
409 1407 540 1476 sperate
567 1393 807 1458 benedictionis
837 1394 979 1457 ubertas.
1006 1405 1043 1457 ut
1068 1393 1183 1476 repleti
1210 1393 1358 1475 frugibus

160 1479 226 1543 tuis
242 1482 284 1543 de
299 1492 357 1544 tua
372 1501 503 1563 semper
518 1481 740 1545 misericordia
755 1481 940 1563 gloriemur.
957 1501 1022 1563 per.

641 1630 682 1693 In
709 1631 882 1695 Granario.

205 1741 428 1824 Omnipotens
443 1752 477 1806 et
493 1743 676 1806 misericors
691 1744 783 1807 deus.
799 1744 855 1824 qui
879 1742 1079 1806 benedixisti
1103 1741 1220 1804 horrea
1235 1741 1358 1823 ioseph.

160 1849 272 1892 aream
303 1830 459 1892 iedeonis.
475 1840 509 1892 et
533 1830 642 1892 adhuc
668 1832 758 1911 quod
784 1830 890 1892 maius
917 1838 975 1892 est.
992 1830 1079 1892 iacta
1101 1837 1207 1891 terrae
1231 1830 1359 1891 semina

160 1935 295 1999 surgere
304 1915 384 1978 sacis
394 1936 469 1979 cum
481 1916 614 1979 foenore
625 1917 749 1980 messis.
759 1926 792 1980 te
804 1916 972 1979 humiliter
983 1935 1162 1997 quesumus
1173 1925 1210 1978 ut
1219 1916 1305 1978 sicut
1315 1917 1357 1978 ad

159 2003 356 2085 petitionem
387 2002 501 2065 famuli
527 2004 576 2065 tui
601 2003 686 2080 helie
718 2023 784 2066 non
809 2003 915 2066 deluit
946 2003 1066 2065 uiduae
1097 2002 1209 2065 farina.
1240 2003 1286 2064 ita
1316 2002 1358 2065 ad

159 2100 295 2152 nostrae
320 2090 492 2172 paruitatis
517 2088 697 2173 [suffragia.
720 2089 796 2152 huic
823 2090 940 2152 horreo
965 2088 1164 2151 famulorum
1192 2087 1248 2170 [so.
1266 2105 1350 2152 201v

160 2185 293 2239 tuorum
311 2196 376 2239 non
393 2176 479 2239 desit
494 2176 734 2240 benedictionis
750 2186 827 2240 tuae
842 2176 1081 2239 habundantia.
1099 2196 1164 2257 per.

618 2308 732 2373 Oratio
755 2310 790 2372 in
813 2309 972 2373 Pistrino.

206 2420 415 2503 inquirentes
430 2429 541 2484 autem
558 2420 740 2485 dominum.

204 2506 436 2572 Sanctificetur
458 2507 552 2570 istius
578 2507 737 2573 officinae.
762 2507 854 2570 locus
878 2507 1014 2570 domine
1040 2516 1074 2570 et
1100 2506 1233 2589 fugetur
1258 2507 1302 2570 ab
1317 2527 1358 2570 eo

158 2595 269 2659 omnis
284 2591 453 2669 inmundi†
467 2594 600 2676 spiritus
616 2615 674 2677 per
694 2596 850 2659 uirtutem
875 2595 1001 2656 domini
1018 2595 1120 2657 nostri
1144 2595 1212 2657 iesu
1236 2593 1357 2657 christi.

157 2680 321 2762 deturque
364 2681 519 2743 omnibus
563 2681 596 2743 in
641 2700 682 2745 eo
718 2681 1008 2744 commorantibus.
1047 2682 1179 2744 sanitas,
1217 2680 1356 2744 claritas.

157 2767 320 2919 ldailaritas
340 2775 536 2867 protegente
560 2788 598 2830 ac
624 2778 842 2832 conseruantc
867 2769 1040 2830 maiestate
1063 2778 1121 2830 tua
1145 2768 1356 2850 omnipotens

181 2874 249 2918 eus.
264 2873 320 2935 qur
336 2874 430 2917 unns.

550 2955 626 3038 [Ad
636 2957 806 3021 introitum
813 2957 965 3040 portasl]

202 3068 270 3132 Uia
285 3077 474 3131 sanctorum
490 3067 639 3131 omnium
662 3068 797 3132 domine
813 3069 881 3133 iesu
898 3069 1027 3132 christe.
1043 3068 1099 3150 qui
1115 3068 1157 3131 ad
1173 3077 1206 3131 te
1222 3067 1356 3131 uenien-

156 3154 247 3218 tibus
263 3153 420 3218 claritatis
435 3154 558 3238 gaudia
573 3154 750 3218 contulisti.
766 3156 937 3219 introitum
958 3155 1074 3238 templi
1090 3155 1183 3219 istius
1200 3154 1272 3216 luce
1281 3175 1354 3237 per-

158 3240 269 3305 t'unde.
285 3242 341 3323 qui
357 3240 466 3304 locum
494 3242 594 3304 istum
617 3242 653 3304 in
666 3242 792 3305 honore
818 3242 936 3306 beatae
950 3243 1004 3305 dei
1019 3243 1195 3324 genetricis
1209 3261 1352 3323 semper-

158 3348 224 3410 que
249 3328 385 3408 uirginis
410 3329 540 3392 mariae.
557 3338 591 3391 et
615 3328 787 3392 beatorum
812 3329 1038 3411 apostolorum
1064 3339 1195 3391 tuorum
1220 3327 1303 3410 petri
1320 3340 1354 3391 et

158 3414 257 3496 pauli
284 3425 385 3496 atque
407 3415 551 3477 andreae
577 3416 784 3479 consecrasti.
811 3426 943 3497 praesta
967 3435 1147 3497 quesumus
1171 3424 1208 3478 ut
1237 3435 1353 3477 omnes

158 3501 230 3563 istic
246 3502 280 3563 in
296 3511 330 3563 te
345 3501 525 3564 credentes
541 3502 714 3583 optineant
739 3504 869 3565 ueniam
898 3523 958 3585 pro
983 3503 1118 3565 delictis.
1135 3504 1178 3564 ab
1198 3501 1353 3564 omnibus

157 3586 337 3651 liberentur
370 3588 540 3668 angustiis.
565 3589 744 3671 impetrent
770 3590 927 3671 quicquid
954 3589 1107 3670 petierint
1130 3607 1190 3670 pro
1212 3589 1353 3650 necessi-

156 3673 281 3738 tatibus
307 3675 381 3737 suis.
408 3674 538 3756 placere
574 3694 706 3757 semper
742 3675 956 3758 praeualeant
992 3695 1104 3738 coram
1141 3674 1245 3737 oculis
1279 3675 1352 3737 tuis.

157 3762 312 3842 quatinus
343 3781 402 3843 per
438 3771 472 3824 te
505 3762 654 3824 omnium
685 3773 874 3825 sanctorum
906 3761 1194 3824 intercessionibus
1225 3762 1352 3823 muniti.

155 3847 265 3910 aulam
296 3848 451 3929 paradysi
483 3857 670 3911 mereantur
703 3849 836 3911 introire
867 3850 1012 3912 saluator
1043 3848 1157 3911 mundi
1188 3849 1244 3929 qui
1275 3867 1350 3909 curn

154 3943 256 4016 patre.

196 4019 249 4083 Tu
265 4040 300 4082 es
316 4028 436 4101 petrus.

199 4106 320 4189 Kyrrie
335 4105 467 4170 eleison.

197 4193 296 4256 Pater
310 4203 429 4256 noster.
475 4192 520 4258 Et
536 4213 654 4258 nenos
670 4195 815 4260 inducas.

196 4279 274 4342 Aue
290 4279 402 4343 maria.

198 4366 238 4429 In
253 4376 434 4450 conspectu
448 4367 651 4449 angelorum.

381 4493 390 4527 ¹
405 4496 469 4548 This
478 4497 599 4564 prayeris
610 4498 716 4550 without
727 4514 776 4563 any
786 4498 896 4565 heading
907 4499 933 4551 in
945 4500 988 4550 the
1000 4500 1056 4550 MS.
