3046 5092
553 338 709 389 NATALE
727 339 877 391 DOMINI.

669 540 700 603 A
705 540 759 603 lia.

159 668 302 752 Respice
324 688 385 731 nos
409 669 592 731 misericors
618 665 700 730 deus
720 678 754 731 et
771 669 936 732 mentibus
953 667 1132 731 clementer
1152 668 1314 732 humanis.

114 767 271 821 nascente
294 755 416 819 christo
443 776 572 818 summe
595 756 744 818 ueritatis
767 755 893 840 (lumen
917 757 1063 818 ostende.
1088 776 1147 838 per
1191 754 1246 837 [so.
1268 774 1313 836 34.

114 847 269 908 eundem.

672 952 762 1015 Alia.

161 1067 297 1149 Largire
321 1087 500 1149 quesumus
524 1066 659 1130 domine
682 1064 813 1128 famulis
836 1067 901 1128 tuis
919 1064 1002 1127 fidei.
1019 1066 1097 1149 spei.
1115 1074 1148 1127 et
1169 1066 1314 1130 caritatis

114 1164 340 1236 augmentum.
357 1164 393 1216 ut
408 1155 464 1235 qui
482 1155 656 1216 natiuitate
673 1151 728 1214 filii
746 1154 794 1215 tui
812 1154 938 1215 domini
956 1154 1057 1215 nostri
1074 1152 1262 1233 gloriantur.
1280 1163 1314 1217 et

113 1244 255 1304 aduersa
270 1241 385 1303 mundi
409 1250 441 1302 te
464 1241 670 1321 gubernante
687 1260 752 1301 non
769 1241 921 1301 sentiant.
938 1250 971 1302 et
988 1259 1073 1321 quae
1089 1240 1316 1321 temporaliter

115 1327 302 1391 caelebrare
318 1327 507 1391 desiderant
524 1330 594 1390 sine
611 1324 676 1388 fine
692 1327 882 1408 percipiant.
900 1347 959 1408 per
974 1329 1125 1389 eundem.

670 1480 761 1542 Alia.

161 1593 254 1655 Deus
284 1593 340 1674 qui
364 1591 481 1655 beatae
505 1593 628 1655 mariae
650 1593 787 1673 uirginis
814 1603 944 1672 partum
973 1592 1043 1653 sine
1066 1590 1212 1653 humana
1236 1611 1315 1652 con-

115 1680 320 1761 cupiscentia
349 1689 565 1760 procreatum.
593 1681 625 1740 in
657 1679 714 1740 filii
737 1680 784 1741 tui
810 1679 958 1740 membra
981 1679 1144 1741 uenientis
1168 1680 1313 1759 paternis

115 1766 223 1829 fecisti
246 1766 453 1847 praeiudiciis
477 1787 543 1828 nou
567 1766 677 1829 teneri.
696 1775 826 1848 praesta
849 1786 1029 1846 quesumus
1053 1776 1088 1827 ut
1112 1764 1208 1826 huius
1224 1785 1314 1826 crea-

115 1865 210 1915 turae
234 1854 383 1915 nouitate
406 1864 561 1934 suscepta
591 1854 766 1915 uetustatis
793 1854 927 1933 antique
954 1853 1117 1934 contagiis
1141 1872 1312 1914 exuamur.

116 1960 176 2021 per
190 1941 342 2003 eundem.

669 2050 760 2113 Alia.

161 2161 315 2226 Concede
352 2163 448 2225 nobis
489 2162 701 2243 omnipotens
731 2162 814 2224 deus
848 2170 884 2224 ut
918 2161 1062 2223 salutare
1093 2171 1187 2223 tuum
1227 2182 1314 2222 noua

116 2249 282 2311 caelorum
307 2249 378 2311 luce
395 2249 543 2312 mirabili.
560 2251 649 2331 quod
666 2249 865 2312 adsalutem
884 2250 997 2311 muudi
1016 2248 1173 2310 hodierna
1191 2247 1314 2310 lestiui-

116 2345 186 2398 tate
207 2337 375 2418 processit.
402 2337 522 2399 nostris
548 2356 679 2417 semper
701 2336 901 2398 innouandis
923 2335 1078 2399 cordibus
1100 2336 1231 2398 oriatur.
1257 2355 1316 2415 per

117 2423 270 2485 eundem.

672 2534 763 2597 Alia.

160 2644 385 2727 Omnipotens
401 2647 601 2729 sempiterne
616 2647 699 2709 deus
715 2647 771 2728 qui
784 2646 871 2709 hunc
884 2647 973 2709 diem
985 2666 1042 2728 per
1055 2646 1314 2707 incarnationem

117 2732 211 2795 uerbi
244 2734 292 2796 tui
327 2742 361 2795 et
393 2746 525 2815 partum
561 2734 679 2796 beatae
717 2734 839 2796 mariae
875 2734 1009 2816 uirginis
1040 2734 1245 2795 consecrasti.
1273 2733 1317 2793 da

116 2819 251 2902 populis
274 2820 339 2883 tuis
364 2820 396 2881 in
420 2820 481 2882 hac
506 2818 718 2882 caelebritate
740 2821 951 2882 consortium.
975 2830 1011 2882 ut
1042 2821 1098 2900 qui
1126 2831 1183 2881 tua
1210 2819 1326 2901 gratia*

115 2916 195 2968 sunt
212 2906 383 2988 redempti.
400 2917 458 2969 tua
474 2907 540 2970 sint
555 2909 737 2988 adoptione
752 2908 864 2968 securi.
882 2927 940 2988 per
956 2907 1108 2968 eundem.

675 3043 767 3105 Alia.

163 3154 257 3218 Deus
275 3154 330 3235 qui
354 3153 520 3216 humanae
536 3155 740 3217 substantiae
756 3154 962 3234 dignitatem.
979 3164 1012 3217 et
1032 3154 1224 3216 mirabiliter
1240 3174 1318 3215 con-

117 3242 233 3305 didisti
249 3250 283 3303 et
296 3241 477 3303 mirabilius
491 3239 682 3305 reformasti.
696 3240 844 3304 danobis
857 3262 1037 3322 quesumus
1053 3243 1122 3303 eius
1133 3241 1317 3304 diuinitatis

116 3348 191 3390 esse
218 3337 394 3390 consortes.
419 3328 475 3409 qui
501 3327 717 3390 humanitatis
734 3338 865 3390 nostrae
887 3327 955 3390 lieri
978 3330 1134 3410 dignatus
1151 3338 1200 3390 est
1217 3329 1319 3408 parti·

117 3435 205 3497 ceps.
223 3415 279 3494 qui
295 3423 413 3477 tecum.

671 3525 762 3588 Alia.

164 3635 389 3719 Omnipotens
422 3637 623 3719 sempiterne
643 3638 733 3700 deus
751 3638 806 3719 qui
840 3638 871 3700 in
903 3637 960 3699 filii
984 3638 1032 3700 tui
1062 3639 1189 3700 domini
1216 3638 1318 3700 nostri

117 3723 296 3786 natiuitate
319 3724 462 3787 tribuisti
485 3724 588 3786 totius
605 3724 772 3806 religionis
789 3726 917 3787 initium
935 3723 1145 3807 [perlection-
1171 3724 1226 3806 [fn.
1248 3741 1317 3803 34v.

118 3820 415 3892 emqueconstare.
432 3812 477 3874 da
497 3811 592 3873 nobis
616 3831 795 3892 quesumus
820 3813 942 3873 ineius
963 3813 1114 3892 portione
1137 3813 1261 3873 censeri
1286 3812 1326 3874 in·

117 3917 187 3978 quo
203 3898 305 3960 totius
321 3896 437 3961 salutis
452 3897 618 3960 humanae
634 3917 764 3960 summa
781 3899 938 3961 consistit.
955 3898 1010 3979 qui
1031 3908 1140 3960 tecum
1162 3900 1252 3961 uiuit.

673 4027 767 4091 Alia.

165 4138 220 4200 Da
235 4159 416 4221 quesumus
431 4136 567 4202 domine
582 4140 707 4222 populo
723 4151 781 4202 tuo
794 4138 1017 4202 inuiolabilem
1031 4137 1106 4201 fidei
1120 4137 1319 4204 firmitatem.

118 4226 233 4307 utqui
254 4227 463 4307 unigenitum
486 4235 581 4288 tuum
606 4227 638 4288 in
663 4236 720 4289 tua
743 4237 852 4289 tecum
876 4226 980 4308 gloria
1014 4226 1253 4306 sempiternum
1286 4227 1318 4287 in

116 4313 261 4376 ueritate
291 4313 393 4375 nostri
416 4313 562 4395 corporis
590 4324 704 4376 natum
722 4314 764 4376 de
783 4324 888 4375 matre
912 4315 1039 4395 uirgine
1062 4310 1268 4374 confitentur.
1286 4324 1319 4376 et

116 4419 139 4461 a
158 4398 370 4481 presentibus
386 4399 566 4462 liberentur
580 4400 735 4462 aduersis.
752 4410 784 4463 et
801 4402 963 4462 mansuris
979 4400 1109 4481 gaudiis
1125 4400 1321 4462 inserantur,

118 4508 179 4568 per
193 4488 347 4549 eundem.

1124 4586 1146 4634 E
1171 4589 1189 4633 2
