3046 5092
558 363 607 414 IN
619 364 689 414 DIE
705 363 979 415 PENTECOSTES.
1324 374 1369 425 117

212 514 350 578 Praesta
373 536 553 597 quesumus
578 519 790 600 omnipotens
814 518 897 580 deus
921 527 957 581 ut
982 517 1142 581 claritatis
1166 527 1244 580 tuae
1268 537 1368 599 super

169 620 230 663 nos
256 602 415 683 splendor
440 603 604 685 effulgeat.
635 614 668 667 et
695 605 753 666 lux
779 614 857 667 tuae
881 604 963 667 lucis
990 605 1091 667 corda
1107 625 1221 667 eorum
1237 606 1293 686 qui
1311 624 1369 686 per

166 688 310 770 gratiam
327 700 419 753 tuam
436 691 541 753 renati
564 700 641 754 sunt
664 692 770 755 sancti
786 691 920 773 spiritus
940 690 1170 754 inlustratione
1185 690 1366 754 confirmet.

165 795 232 857 per.

696 914 834 979 Secreta.

211 1023 355 1088 Munera
379 1024 515 1088 domine
540 1046 720 1108 quesumus
749 1027 863 1090 oblata
882 1026 1053 1091 sanctifica
1077 1037 1110 1091 et
1137 1028 1238 1091 corda
1254 1035 1367 1090 nostra

168 1113 275 1174 sancti
293 1113 428 1195 spiritus
445 1115 644 1177 inlustrati0¹
661 1115 815 1177 emunda.
832 1135 898 1196 per.
914 1116 1071 1178 eiusdem.

680 1268 860 1346 Praefatio.

211 1377 263 1441 tf)
286 1389 419 1441 aeterne
442 1379 532 1442 deus.
578 1378 644 1462 Qui
668 1390 913 1442 sacramentum
938 1378 1115 1462 paschalae
1130 1399 1367 1443 consummans

168 1465 290 1544 quibus
306 1485 365 1546 per
380 1467 540 1548 unigeniti
557 1466 619 1545 ltui
636 1468 837 1529 consortium
856 1466 940 1529 filios
952 1467 1142 1548 adoptionis
1155 1487 1226 1527 esse
1242 1464 1297 1547 [fo.
1316 1468 1365 1544 84

167 1551 311 1613 tribuisti
339 1554 572 1635 perspiritum
598 1563 750 1616 sanctum
774 1552 901 1635 largiris
926 1554 1015 1615 dona
1045 1554 1225 1634 gratiarum
1252 1563 1285 1615 et
1315 1554 1367 1615 sui

168 1637 388 1700 coheredibus
409 1641 627 1721 redemptoris
651 1641 717 1702 iam
743 1659 829 1702 nunc
851 1660 1014 1722 supernae
1033 1641 1152 1721 pignus
1173 1640 1367 1702 hereditatis

168 1724 343 1807 impendis.
360 1736 396 1788 ut
424 1737 520 1789 tanto
544 1747 579 1788 se
603 1727 723 1788 certius
749 1728 791 1789 ad
817 1747 892 1789 eum
918 1726 1098 1789 confidant.
1113 1746 1184 1788 esse
1200 1736 1366 1789 uenturos

168 1822 296 1891 quanto
312 1832 348 1873 se
363 1814 470 1875 sciunt
497 1814 540 1876 ab
566 1834 606 1875 eo
632 1814 832 1895 redemptos.
851 1824 884 1876 et
908 1814 1014 1876 sancti
1045 1814 1179 1895 spiritus
1204 1812 1369 1875 inlusione

167 1899 302 1963 ditatos.
347 1899 393 1961 Et
409 1900 491 1963 ideo.

632 2042 734 2123 Infra
748 2043 912 2107 achonem.

211 2154 507 2219 Communicantes
537 2164 571 2218 et
601 2156 690 2218 diem
721 2156 980 2218 sacratissimum
1012 2164 1229 2237 pentecosten
1260 2156 1365 2219 caele·

168 2239 302 2303 brantes
317 2261 385 2322 quo
400 2244 534 2324 spiritus
550 2254 684 2305 sanctus
709 2242 869 2324 apostolis
893 2244 926 2304 in
954 2244 1051 2304 uariis
1067 2242 1187 2324 linguis
1204 2245 1365 2325 apparuit.

169 2328 235 2392 Sed
253 2339 287 2390 et
304 2331 506 2392 memoriam.

212 2413 311 2477 Hanc
343 2417 441 2496 igitur
470 2416 674 2478 oblationem
704 2416 872 2478 seruitutis
904 2425 1043 2477 nostrae.
1074 2415 1132 2478 sed
1163 2425 1196 2478 et
1227 2426 1365 2479 cunctae

167 2500 312 2564 familiae
342 2516 420 2565 tuae
449 2524 549 2585 quam
581 2504 641 2566 tibi
671 2502 840 2565 offerimus
873 2522 932 2584 pro
962 2501 1012 2564 his
1043 2522 1175 2583 quoque
1202 2522 1286 2583 quos
1317 2524 1364 2565 re-

167 2608 325 2669 generare
352 2591 508 2672 dignatus
532 2610 568 2651 es
592 2610 636 2651 ex
667 2610 755 2670 aqua
785 2596 819 2651 et
849 2590 964 2670 spiritu
996 2599 1112 2651 sancto
1143 2590 1290 2651 tribuens
1317 2592 1365 2652 eis

167 2676 393 2739 remissionem
418 2677 567 2739 omnium
584 2687 804 2758 peccatorum.
832 2695 1012 2757 quesumus
1037 2676 1171 2739 domine
1195 2687 1232 2739 ut
1255 2677 1365 2758 placa·

166 2772 226 2825 tus.

611 2907 642 2970 Α
646 2907 674 2971 d
683 2906 907 2989 complendum.

208 3019 325 3084 Sancti
349 3019 483 3102 spiritus
510 3019 645 3082 domine
672 3020 772 3082 corda
799 3028 912 3081 nostra
938 3019 1076 3081 mundet
1102 3019 1222 3083 infusio
1251 3030 1285 3084 et
1312 3024 1361 3085 sui

167 3108 245 3168 roris
262 3107 380 3169 intima
396 3108 587 3189 aspersione
603 3106 766 3170 secundet.
783 3126 842 3188 per
856 3106 1028 3168 dominum
1046 3110 1218 3169 nostrum.²

628 3339 892 3425 lmfflfflw
1240 3336 1359 3424 mm

206 3473 301 3535 Deus
325 3471 381 3553 qui
408 3469 569 3534 hodierna
595 3471 649 3534 die
674 3470 774 3533 corda
799 3468 945 3530 fidelium
971 3467 1076 3530 sancti
1103 3469 1236 3550 spiritus
1261 3470 1361 3531 inlus-

164 3560 307 3621 tratione
332 3558 484 3620 docuisti.
510 3559 554 3621 da
581 3556 677 3619 nobis
701 3557 732 3618 in
756 3557 875 3618 eodem
891 3555 1007 3636 spiritu
1025 3565 1113 3616 recta
1129 3576 1253 3637 sapere.
1269 3566 1302 3618 et
1318 3558 1361 3620 de

163 3646 231 3708 eius
261 3665 394 3726 semper
423 3644 652 3707 consolatione
681 3642 833 3726 gaudere.
867 3662 925 3724 per
955 3642 1135 3704 dominum.
1167 3644 1200 3704 in
1232 3644 1360 3706 unitate

162 3732 319 3794 eiusdem.

692 3875 828 3939 Secreta.

204 3988 347 4052 Munera
371 3988 507 4051 domine
530 4006 710 4069 quesumus
735 3985 848 4048 oblata
872 3983 1042 4048 sanctifica
1068 3994 1101 4048 et
1122 3985 1222 4049 corda
1246 3996 1358 4050 nostra

161 4077 266 4139 sancti
292 4076 428 4158 spiritus
453 4075 682 4139 inlustratione
702 4074 855 4136 emunda
885 4093 942 4153 per
969 4073 1151 4137 dominum.
1175 4074 1207 4135 in
1231 4076 1359 4137 unitate

159 4162 318 4226 eiusdem.

190 4344 199 4379 ¹
218 4349 269 4398 For
279 4348 464 4398 inlustratione.

188 4410 201 4445 ¹
216 4414 273 4465 The
284 4415 362 4464 lower
439 4413 469 4462 oi
481 4413 524 4463 the
544 4420 612 4462 recto
631 4409 660 4461 oi
673 4409 715 4461 tol.
737 4409 770 4473 84
788 4409 810 4460 is
829 4407 908 4460 blank
918 4425 926 4469 3
944 4409 986 4460 the
1005 4426 1076 4460 verso
1095 4410 1116 4460 is
1136 4411 1257 4476 occupied
1274 4412 1306 4476 by
1323 4428 1355 4463 an

155 4478 334 4531 illumination.
369 4423 430 4538 ige
442 4478 511 4528 Plate
523 4478 570 4538 Χ.)

186 4544 199 4576 ⁸
215 4545 298 4595 There
310 4544 332 4593 is
343 4558 377 4593 no
388 4544 461 4593 other
470 4542 579 4608 lusding
590 4549 617 4592 to
628 4541 678 4592 this
689 4555 763 4592 mast.
