3046 5092
549 334 691 387 UNCTIO
712 333 970 385 INFIRMORUM.
1307 338 1356 401 287

156 488 326 572 praeclara
351 488 494 553 saluatio
524 489 605 553 dum
641 497 769 572 prestas
795 497 833 553 ut
857 496 1011 571 operetur
1036 490 1133 554 nobis
1158 490 1260 555 etiam
1284 491 1358 576 ipsa

155 575 329 639 infirmitas
344 576 494 640 salutem.
510 595 570 659 per
583 575 751 641 christum.

203 663 346 727 Redime
362 683 416 726 me
431 662 522 726 deus.

604 781 667 845 Ad
676 783 902 864 complendum.

204 895 297 959 Deus
323 894 525 958 infirmitatis
549 894 715 958 humanae
744 894 911 977 singulare
941 896 1141 977 praesidium
1167 897 1283 961 auxilii
1308 900 1357 962 tui

160 1002 260 1065 super
275 981 442 1045 infirmum
466 992 625 1045 nostrum.
650 981 690 1044 N.
714 982 854 1045 ostende
877 983 1033 1045 uirtutem
1050 993 1087 1046 ut
1103 981 1220 1065 opem†
1235 986 1358 1048 miseri·

159 1069 291 1133 cordiae
321 1080 399 1133 tuae
429 1069 563 1132 adiutus
609 1068 787 1132 aecclesiae
826 1078 903 1131 tuae
954 1079 1089 1132 sanctae
1120 1072 1357 1154 repraesentari

161 1154 374 1229 mereantur't
388 1176 448 1239 per
462 1156 645 1219 dominum.

206 1299 278 1386 ben
287 1302 409 1388 ongmli
425 1321 479 1365 seo
494 1301 718 1385 enbebypbnys
730 1320 768 1364 co
779 1323 1001 1387 geneossenne
1015 1301 1100 1365 οὔδε
1109 1320 1146 1365 co
1156 1324 1360 1388 smeprgeune

158 1408 356 1472 untpumne.
402 1387 456 1451 On
472 1405 619 1473 aepescan
634 1387 763 1473 halgum
782 1392 821 1476 Pa
836 1391 987 1472 sacepbas
1003 1408 1109 1473 paecep
1123 1393 1190 1452 m1b
1212 1412 1299 1454 arun
1323 1414 1362 1476 op

159 1494 329 1559 prntpeope
351 1474 488 1558 pillumn
503 1480 567 1561 pon
586 1474 677 1537 huse.
723 1495 742 1558 7
759 1475 958 1560 ponneh1m
978 1474 1062 1538 beon
1082 1497 1184 1562 gegan
1208 1477 1360 1560 pr'dmnan

159 1562 231 1647 haec
244 1560 306 1624 luis
322 1565 390 1649 paes
403 1579 591 1647 untpuman
612 1566 717 1647 ponne
743 1560 865 1644 cpe'dan
888 1562 922 1623 h1
948 1562 1046 1646 hprpa
1061 1584 1124 1646 pax
1150 1562 1226 1628 huic
1241 1567 1360 1629 bomur.

161 1653 279 1734 7-por'1
316 1654 493 1735 ongynnou
522 1650 611 1733 pone.
638 1670 667 1711 a.
713 1667 855 1731 alpepres
889 1670 942 1711 me
972 1669 991 1732 7
1025 1648 1145 1735 ponne!
1180 1649 1236 1733 [so.
1269 1666 1360 1730 207v.

157 1741 430 1908 hillidii
444 1737 957 1907 hhhhll‘heldhlnmffl
982 1756 1001 1819 ⁷
1024 1757 1101 1820 ΟΜ]
1127 1737 1177 1800 ¹¹¹⁸
1203 1737 1265 1800 ΜΒ
1280 1741 1362 1825 P⁰¹¹⁰

686 1963 808 2030 Oratio.

208 2077 432 2160 Omnipotens
447 2078 648 2160 sempiterne
670 2078 765 2141 deusl
781 2078 965 2140 inmensam
983 2079 1143 2160 pietatem
1159 2091 1251 2144 tuam
1268 2093 1304 2146 ut
1319 2084 1363 2147 ad
1378 2132 1380 2136 -

162 2166 336 2229 introitum
363 2164 560 2229 humilitatis
584 2174 718 2227 nostrae
741 2163 830 2228 hunc
854 2163 1015 2227 famulum
1043 2175 1146 2228 tuum.
1172 2168 1216 2231 ill.
1245 2169 1278 2231 in
1299 2168 1363 2233 hoc

161 2250 356 2315 habitaculo
370 2251 492 2314 sessum
510 2252 673 2315 iacentem
689 2251 880 2314 uisitatione
895 2251 1063 2314 salutifera
1073 2254 1206 2317 uisitare
1218 2255 1365 2338 digneris

162 2348 198 2401 et
214 2338 299 2401 sicut
315 2339 455 2401 uisitasti
471 2339 607 2401 domine
629 2337 755 2401 tobiam
779 2347 813 2400 et
831 2358 955 2400 sarram
972 2348 1006 2400 et
1020 2359 1150 2402 socrum
1168 2343 1251 2422 petri
1268 2363 1363 2424 puer·

163 2445 289 2507 umque
301 2426 510 2489 centurionis
521 2426 568 2487 ita
577 2434 610 2488 et
621 2425 683 2487 iste
699 2425 838 2506 pristina
853 2425 996 2487 sanitate
1008 2427 1140 2488 animae
1151 2431 1363 2510 corporisque

163 2522 300 2594 recepta
314 2513 494 2593 gratiarum
511 2512 571 2574 tibi
588 2512 621 2573 in
638 2510 798 2574 aecclesia
814 2521 871 2574 tua
888 2511 1007 2574 reserat
1021 2513 1196 2576 actionem.
1210 2535 1275 2596 per.

162 2750 177 2814 l
207 2664 325 2728 sr'dllan
339 2687 398 2749 ppa
412 2666 475 2749 pan
491 2682 678 2747 uncpuman
693 2664 755 2728 beo
769 2665 819 2727 his
835 2667 995 2747 anhymys
1015 2669 1121 2751 gecyb.
1168 2689 1187 2752 7
1212 2653 1286 2752 εμ-
1300 2671 1363 2754 l⁰¹¹

176 2770 296 2816 emma.

210 2931 332 3014 Kyrrie
348 2931 493 3013 eleyson,
509 2931 640 2996 Christe
655 2930 800 3012 eleyson,
818 2929 948 2994 Christe
966 2931 1044 2994 audi
1062 2952 1131 2995 nos.

210 3019 309 3082 Pater
324 3018 367 3081 de
381 3018 481 3081 caelis
497 3019 578 3082 deus
595 3016 730 3091 misere†
746 3018 849 3080 nobis.

209 3106 313 3169 Filius
329 3106 519 3187 redemptor
534 3106 650 3168 mundi
666 3104 748 3168 deus
765 3105 918 3166 miserere
935 3104 1052 3169 nobis²

210 3192 335 3257 Sancta
350 3192 480 3256 trinitas
495 3212 580 3255 unus
595 3193 677 3255 deus
695 3192 847 3254 miserere
863 3191 966 3253 nobis.

210 3277 335 3343 Sancta
350 3279 454 3341 maria
469 3299 527 3342 ora
542 3298 602 3361 pro
618 3278 683 3341 illo.

213 3364 340 3430 Sancta
355 3366 408 3429 dei
425 3366 569 3446 genitrix
586 3386 643 3427 ora
659 3385 720 3447 pro
735 3363 800 3427 illo.

210 3451 336 3517 Sancta
351 3453 445 3533 uirgo
461 3452 625 3533 uirginum
642 3472 700 3515 ora
716 3472 775 3533 pro
791 3451 854 3513 illo.

210 3538 333 3603 Sancte
349 3538 520 3601 michahel.

209 3624 334 3690 Sancte
347 3624 505 3706 gabrihel.

211 3712 334 3776 Sancte
349 3711 492 3793 raphael.

212 3796 339 3862 Omnes
354 3799 460 3861 sancti
476 3798 586 3880 angeli
602 3808 635 3861 et
650 3796 839 3878 archangeli
855 3807 948 3860 orate
964 3817 1024 3879 pro
1040 3797 1096 3861 illo

212 3886 340 3949 Omnes
355 3886 461 3948 sancti
477 3885 650 3948 beatorum
666 3886 840 3967 spirituum
857 3885 995 3948 ordines,

213 3970 340 4035 Omnes
356 3972 461 4034 sancti
477 3970 683 4053 patriarchae
698 3981 731 4034 et
748 3970 937 4054 prophetae.

212 4058 334 4123 Sancte
349 4058 509 4121 iohannes
524 4059 678 4140 baptista.

213 4145 335 4210 Sancte
351 4155 452 4227 petre,

212 4232 334 4297 Sancte
350 4230 457 4313 paule.

211 4320 336 4383 Sancte
351 4319 481 4381 andrea

395 4448 404 4482 ¹
424 4454 581 4515 Quaesumus
590 4452 696 4503 omitted
707 4452 733 4501 in
745 4452 802 4503 uls.

395 4514 406 4548 ¹
422 4519 538 4582 Spiritus
548 4526 649 4568 sanctus
658 4520 718 4567 deus
729 4519 844 4567 mirerere
855 4518 923 4567 nobis
934 4517 1041 4569 omitted
1052 4517 1078 4567 in
1090 4518 1140 4569 MS
