<?xml version="1.0" encoding="UTF-8"?>
<!DOCTYPE html PUBLIC "-//W3C//DTD XHTML 1.0 Transitional//EN"
    "http://www.w3.org/TR/xhtml1/DTD/xhtml1-transitional.dtd">
<html xmlns="http://www.w3.org/1999/xhtml" xml:lang="en" lang="en">
 <head>
  <title>
</title>
<meta http-equiv="Content-Type" content="text/html;charset=utf-8" />
  <meta name='ocr-system' content='tesseract 3.04.00' />
  <meta name='ocr-capabilities' content='ocr_page ocr_carea ocr_par ocr_line ocrx_word'/>
</head>
<body>
  <div class='ocr_page' id='page_1' title='image "./missalrobertjum01wilsgoog_0256.png"; bbox 0 0 3046 5092; ppageno 0'>
   <div class='ocr_carea' id='block_1_1' title="bbox 155 290 1053 353">
    <p class='ocr_par' dir='ltr' id='par_1_1' title="bbox 155 290 1053 353">
     <span class='ocr_line' id='line_1_1' title="bbox 155 290 1053 353; baseline 0.009 -8"><span class='ocrx_word' id='word_1_1' title='bbox 155 290 204 347; x_wconf 74' lang='lat'>186</span> <span class='ocrx_word' id='word_1_2' title='bbox 460 294 502 347; x_wconf 86' lang='grc' dir='ltr'>ΙΙ.</span> <span class='ocrx_word' id='word_1_3' title='bbox 530 294 618 347; x_wconf 76' lang='lat' dir='ltr'>m.</span> <span class='ocrx_word' id='word_1_4' title='bbox 646 292 724 349; x_wconf 77' lang='lat'><em>101.</em></span> <span class='ocrx_word' id='word_1_5' title='bbox 752 292 842 349; x_wconf 78' lang='lat' dir='ltr'>m</span> <span class='ocrx_word' id='word_1_6' title='bbox 870 292 901 351; x_wconf 71' lang='lat' dir='ltr'>S·</span> <span class='ocrx_word' id='word_1_7' title='bbox 925 290 1053 353; x_wconf 69' lang='lat' dir='ltr'><strong><em>PAULI·</em></strong></span> 
     </span>
    </p>
   </div>
   <div class='ocr_carea' id='block_1_2' title="bbox 152 466 1358 753">
    <p class='ocr_par' dir='ltr' id='par_1_2' title="bbox 152 466 1358 753">
     <span class='ocr_line' id='line_1_2' title="bbox 600 466 904 553; baseline 0.007 -18"><span class='ocrx_word' id='word_1_8' title='bbox 600 466 904 553; x_wconf 56' lang='lat' dir='ltr'>admondum</span> 
     </span>
     <span class='ocr_line' id='line_1_3' title="bbox 196 578 1358 665; baseline 0.002 -20"><span class='ocrx_word' id='word_1_9' title='bbox 196 578 294 665; x_wconf 83' lang='lat' dir='ltr'>Quos</span> <span class='ocrx_word' id='word_1_10' title='bbox 307 580 443 647; x_wconf 88' lang='lat' dir='ltr'>caelesti</span> <span class='ocrx_word' id='word_1_11' title='bbox 464 580 602 647; x_wconf 89' lang='lat' dir='ltr'>domine</span> <span class='ocrx_word' id='word_1_12' title='bbox 623 580 786 647; x_wconf 89' lang='lat' dir='ltr'>alimento</span> <span class='ocrx_word' id='word_1_13' title='bbox 806 580 937 647; x_wconf 73' lang='lat' dir='ltr'><strong>satiasti</strong></span> <span class='ocrx_word' id='word_1_14' title='bbox 959 580 1157 665; x_wconf 87' lang='lat' dir='ltr'>apostolicis</span> <span class='ocrx_word' id='word_1_15' title='bbox 1179 580 1358 647; x_wconf 64' lang='lat' dir='ltr'>intermi-</span> 
     </span>
     <span class='ocr_line' id='line_1_4' title="bbox 152 668 895 753; baseline 0.005 -22"><span class='ocrx_word' id='word_1_16' title='bbox 152 668 273 733; x_wconf 88' lang='lat' dir='ltr'>onibus</span> <span class='ocrx_word' id='word_1_17' title='bbox 287 668 332 733; x_wconf 87' lang='lat' dir='ltr'>ab</span> <span class='ocrx_word' id='word_1_18' title='bbox 345 668 438 733; x_wconf 92' lang='lat' dir='ltr'>omni</span> <span class='ocrx_word' id='word_1_19' title='bbox 452 668 657 735; x_wconf 85' lang='lat' dir='ltr'>aduersitate</span> <span class='ocrx_word' id='word_1_20' title='bbox 670 668 812 735; x_wconf 88' lang='lat' dir='ltr'>custodi.</span> <span class='ocrx_word' id='word_1_21' title='bbox 826 688 895 753; x_wconf 86' lang='lat' dir='ltr'>per.</span> 
     </span>
    </p>
   </div>
   <div class='ocr_carea' id='block_1_3' title="bbox 710 796 806 863">
    <p class='ocr_par' dir='ltr' id='par_1_3' title="bbox 710 796 806 863">
     <span class='ocr_line' id='line_1_5' title="bbox 710 796 806 863; baseline 0 0"><span class='ocrx_word' id='word_1_22' title='bbox 710 796 806 863; x_wconf 75' lang='lat' dir='ltr'>Aleia.</span> 
     </span>
    </p>
   </div>
   <div class='ocr_carea' id='block_1_4' title="bbox 154 906 1357 1255">
    <p class='ocr_par' dir='ltr' id='par_1_4' title="bbox 154 906 1357 1255">
     <span class='ocr_line' id='line_1_6' title="bbox 198 906 1357 995; baseline 0.004 -24"><span class='ocrx_word' id='word_1_23' title='bbox 198 906 293 973; x_wconf 89' lang='lat' dir='ltr'>Deus</span> <span class='ocrx_word' id='word_1_24' title='bbox 321 907 379 992; x_wconf 92' lang='lat' dir='ltr'>qui</span> <span class='ocrx_word' id='word_1_25' title='bbox 408 908 510 975; x_wconf 87' lang='lat' dir='ltr'>beato</span> <span class='ocrx_word' id='word_1_26' title='bbox 539 910 695 995; x_wconf 85' lang='lat' dir='ltr'>apostolo</span> <span class='ocrx_word' id='word_1_27' title='bbox 717 918 779 975; x_wconf 90' lang='lat' dir='ltr'>tuo</span> <span class='ocrx_word' id='word_1_28' title='bbox 925 908 1069 975; x_wconf 83' lang='lat' dir='ltr'>conlatis</span> <span class='ocrx_word' id='word_1_29' title='bbox 1092 908 1357 995; x_wconf 82' lang='lat' dir='ltr'>clauibusregm</span> 
     </span>
     <span class='ocr_line' id='line_1_7' title="bbox 154 992 1355 1101; baseline 0.003 -42"><span class='ocrx_word' id='word_1_30' title='bbox 154 992 307 1060; x_wconf 86' lang='lat' dir='ltr'>caelestis</span> <span class='ocrx_word' id='word_1_31' title='bbox 332 996 462 1061; x_wconf 84' lang='lat' dir='ltr'>animas</span> <span class='ocrx_word' id='word_1_32' title='bbox 483 996 611 1101; x_wconf 76' lang='lat' dir='ltr'>ligandi</span> <span class='ocrx_word' id='word_1_33' title='bbox 636 1008 741 1081; x_wconf 86' lang='lat' dir='ltr'>atque</span> <span class='ocrx_word' id='word_1_34' title='bbox 761 1016 801 1063; x_wconf 86' lang='lat' dir='ltr'>so</span> <span class='ocrx_word' id='word_1_35' title='bbox 814 998 926 1063; x_wconf 89' lang='lat' dir='ltr'>uendi.</span> <span class='ocrx_word' id='word_1_36' title='bbox 951 994 1165 1081; x_wconf 85' lang='lat' dir='ltr'>pontificium</span> <span class='ocrx_word' id='word_1_37' title='bbox 1188 998 1355 1063; x_wconf 80' lang='lat' dir='ltr'>tradidisti</span> 
     </span>
     <span class='ocr_line' id='line_1_8' title="bbox 155 1083 1355 1169; baseline 0.003 -24"><span class='ocrx_word' id='word_1_38' title='bbox 155 1083 302 1147; x_wconf 87' lang='lat' dir='ltr'>concede</span> <span class='ocrx_word' id='word_1_39' title='bbox 321 1090 359 1147; x_wconf 99' lang='lat' dir='ltr'>ut</span> <span class='ocrx_word' id='word_1_40' title='bbox 381 1084 626 1149; x_wconf 76' lang='lat' dir='ltr'>intercessionis</span> <span class='ocrx_word' id='word_1_41' title='bbox 646 1085 719 1149; x_wconf 88' lang='lat' dir='ltr'>eius</span> <span class='ocrx_word' id='word_1_42' title='bbox 740 1084 877 1149; x_wconf 88' lang='lat' dir='ltr'>auxilio.</span> <span class='ocrx_word' id='word_1_43' title='bbox 892 1104 914 1149; x_wconf 87' lang='lat' dir='ltr'>a</span> <span class='ocrx_word' id='word_1_44' title='bbox 934 1092 1152 1169; x_wconf 89' lang='lat' dir='ltr'>peccatorum</span> <span class='ocrx_word' id='word_1_45' title='bbox 1175 1094 1355 1151; x_wconf 81' lang='lat' dir='ltr'>nostromn</span> 
     </span>
     <span class='ocr_line' id='line_1_9' title="bbox 156 1169 778 1255; baseline 0.005 -23"><span class='ocrx_word' id='word_1_46' title='bbox 156 1169 300 1234; x_wconf 87' lang='lat' dir='ltr'>nexibus</span> <span class='ocrx_word' id='word_1_47' title='bbox 315 1169 501 1238; x_wconf 83' lang='lat' dir='ltr'>liberemur.</span> <span class='ocrx_word' id='word_1_48' title='bbox 516 1190 577 1255; x_wconf 92' lang='lat' dir='ltr'>per</span> <span class='ocrx_word' id='word_1_49' title='bbox 590 1172 778 1237; x_wconf 90' lang='lat' dir='ltr'>dominum.</span> 
     </span>
    </p>
   </div>
   <div class='ocr_carea' id='block_1_5' title="bbox 155 1306 1352 1593">
    <p class='ocr_par' dir='ltr' id='par_1_5' title="bbox 155 1306 1352 1593">
     <span class='ocr_line' id='line_1_10' title="bbox 706 1306 803 1373; baseline 0.021 -2"><span class='ocrx_word' id='word_1_50' title='bbox 706 1306 803 1373; x_wconf 61' lang='lat' dir='ltr'>Aah.</span> 
     </span>
     <span class='ocr_line' id='line_1_11' title="bbox 200 1416 1352 1505; baseline 0 -20"><span class='ocrx_word' id='word_1_51' title='bbox 200 1416 427 1503; x_wconf 82' lang='lat' dir='ltr'>Omnipotens</span> <span class='ocrx_word' id='word_1_52' title='bbox 448 1420 651 1505; x_wconf 79' lang='lat' dir='ltr'>sempiterne</span> <span class='ocrx_word' id='word_1_53' title='bbox 674 1420 759 1485; x_wconf 82' lang='lat' dir='ltr'>deus</span> <span class='ocrx_word' id='word_1_54' title='bbox 783 1420 842 1503; x_wconf 91' lang='lat' dir='ltr'>qui</span> <span class='ocrx_word' id='word_1_55' title='bbox 865 1418 1063 1485; x_wconf 84' lang='lat' dir='ltr'>aecclesiam</span> <span class='ocrx_word' id='word_1_56' title='bbox 1086 1428 1184 1485; x_wconf 87' lang='lat' dir='ltr'>tuam</span> <span class='ocrx_word' id='word_1_57' title='bbox 1208 1420 1244 1485; x_wconf 92' lang='lat' dir='ltr'>in</span> <span class='ocrx_word' id='word_1_58' title='bbox 1267 1438 1352 1505; x_wconf 82' lang='lat' dir='ltr'>apos·</span> 
     </span>
     <span class='ocr_line' id='line_1_12' title="bbox 155 1505 1349 1593; baseline 0.002 -22"><span class='ocrx_word' id='word_1_59' title='bbox 155 1505 258 1571; x_wconf 88' lang='lat' dir='ltr'>tolica</span> <span class='ocrx_word' id='word_1_60' title='bbox 271 1506 442 1573; x_wconf 81' lang='lat' dir='ltr'>soliditate</span> <span class='ocrx_word' id='word_1_61' title='bbox 462 1506 649 1573; x_wconf 82' lang='lat' dir='ltr'>fundatam.</span> <span class='ocrx_word' id='word_1_62' title='bbox 671 1508 716 1573; x_wconf 89' lang='lat' dir='ltr'>ab</span> <span class='ocrx_word' id='word_1_63' title='bbox 731 1506 910 1571; x_wconf 82' lang='lat' dir='ltr'>inferorum</span> <span class='ocrx_word' id='word_1_64' title='bbox 925 1507 1014 1571; x_wconf 87' lang='lat' dir='ltr'>eruis</span> <span class='ocrx_word' id='word_1_65' title='bbox 1035 1516 1163 1572; x_wconf 89' lang='lat' dir='ltr'>terrore</span> <span class='ocrx_word' id='word_1_66' title='bbox 1184 1518 1349 1593; x_wconf 82' lang='lat' dir='ltr'>portarum</span> 
     </span>
    </p>
   </div>
   <div class='ocr_carea' id='block_1_6' title="bbox 156 1592 1347 1765">
    <p class='ocr_par' dir='ltr' id='par_1_6' title="bbox 156 1592 1347 1765">
     <span class='ocr_line' id='line_1_13' title="bbox 156 1592 1347 1765; baseline 0.001 -106"><span class='ocrx_word' id='word_1_67' title='bbox 156 1592 392 1765; x_wconf 56' lang='lat' dir='ltr'>ffiffl&#39;</span> <span class='ocrx_word' id='word_1_68' title='bbox 409 1604 469 1659; x_wconf 88' lang='lat' dir='ltr'>tua</span> <span class='ocrx_word' id='word_1_69' title='bbox 482 1594 625 1659; x_wconf 88' lang='lat' dir='ltr'>ueritate</span> <span class='ocrx_word' id='word_1_70' title='bbox 639 1594 828 1679; x_wconf 85' lang='lat' dir='ltr'>persistens</span> <span class='ocrx_word' id='word_1_71' title='bbox 844 1593 938 1659; x_wconf 89' lang='lat' dir='ltr'>nulla</span> <span class='ocrx_word' id='word_1_72' title='bbox 951 1594 1091 1679; x_wconf 84' lang='lat' dir='ltr'>recipiat</span> <span class='ocrx_word' id='word_1_73' title='bbox 1105 1595 1277 1660; x_wconf 86' lang='lat' dir='ltr'>consortia</span> <span class='ocrx_word' id='word_1_74' title='bbox 1288 1612 1347 1677; x_wconf 87' lang='lat' dir='ltr'>per·</span> 
     </span>
    </p>
   </div>
   <div class='ocr_carea' id='block_1_7' title="bbox 713 1800 807 1865">
    <p class='ocr_par' dir='ltr' id='par_1_7' title="bbox 713 1800 807 1865">
     <span class='ocr_line' id='line_1_14' title="bbox 713 1800 807 1865; baseline 0 0"><span class='ocrx_word' id='word_1_75' title='bbox 713 1800 807 1865; x_wconf 83' lang='lat' dir='ltr'>Alia.</span> 
     </span>
    </p>
   </div>
   <div class='ocr_carea' id='block_1_8' title="bbox 156 1910 1341 2171">
    <p class='ocr_par' dir='ltr' id='par_1_8' title="bbox 156 1910 1341 2171">
     <span class='ocr_line' id='line_1_15' title="bbox 201 1910 1341 1997; baseline 0.001 -21"><span class='ocrx_word' id='word_1_76' title='bbox 201 1912 379 1977; x_wconf 82' lang='lat' dir='ltr'>Familiam</span> <span class='ocrx_word' id='word_1_77' title='bbox 394 1922 488 1977; x_wconf 87' lang='lat' dir='ltr'>tuam</span> <span class='ocrx_word' id='word_1_78' title='bbox 503 1931 687 1997; x_wconf 77' lang='lat' dir='ltr'>quesumus</span> <span class='ocrx_word' id='word_1_79' title='bbox 707 1910 846 1977; x_wconf 91' lang='lat' dir='ltr'>domine</span> <span class='ocrx_word' id='word_1_80' title='bbox 867 1911 1033 1996; x_wconf 87' lang='lat' dir='ltr'>propitius</span> <span class='ocrx_word' id='word_1_81' title='bbox 1055 1912 1196 1977; x_wconf 88' lang='lat' dir='ltr'>intuere.</span> <span class='ocrx_word' id='word_1_82' title='bbox 1208 1920 1244 1977; x_wconf 91' lang='lat' dir='ltr'>et</span> <span class='ocrx_word' id='word_1_83' title='bbox 1262 1928 1341 1995; x_wconf 66' lang='lat' dir='ltr'>apos</span> 
     </span>
     <span class='ocr_line' id='line_1_16' title="bbox 156 1996 1339 2101; baseline -0.002 -38"><span class='ocrx_word' id='word_1_84' title='bbox 156 1998 266 2063; x_wconf 87' lang='lat' dir='ltr'>tolicis</span> <span class='ocrx_word' id='word_1_85' title='bbox 280 1998 424 2065; x_wconf 83' lang='lat' dir='ltr'>deiende</span> <span class='ocrx_word' id='word_1_86' title='bbox 436 1999 622 2101; x_wconf 82' lang='lat' dir='ltr'>praesidiis.</span> <span class='ocrx_word' id='word_1_87' title='bbox 635 2010 805 2065; x_wconf 85' lang='lat' dir='ltr'>uteorum</span> <span class='ocrx_word' id='word_1_88' title='bbox 823 1999 999 2083; x_wconf 82' lang='lat' dir='ltr'>praecibus</span> <span class='ocrx_word' id='word_1_89' title='bbox 1020 1998 1226 2065; x_wconf 75' lang='lat' dir='ltr'>adiuuemus</span> <span class='ocrx_word' id='word_1_90' title='bbox 1240 1996 1339 2082; x_wconf 81' lang='lat' dir='ltr'>qubus</span> 
     </span>
     <span class='ocr_line' id='line_1_17' title="bbox 157 2085 1067 2171; baseline 0.001 -21"><span class='ocrx_word' id='word_1_91' title='bbox 157 2085 274 2152; x_wconf 87' lang='lat' dir='ltr'>nititur</span> <span class='ocrx_word' id='word_1_92' title='bbox 288 2097 324 2152; x_wconf 89' lang='lat' dir='ltr'>te</span> <span class='ocrx_word' id='word_1_93' title='bbox 337 2088 563 2153; x_wconf 86' lang='lat' dir='ltr'>constituente</span> <span class='ocrx_word' id='word_1_94' title='bbox 577 2085 793 2171; x_wconf 88' lang='lat' dir='ltr'>principibus.</span> <span class='ocrx_word' id='word_1_95' title='bbox 809 2105 869 2171; x_wconf 87' lang='lat' dir='ltr'>per</span> <span class='ocrx_word' id='word_1_96' title='bbox 882 2085 1067 2152; x_wconf 83' lang='lat' dir='ltr'>dominum.</span> 
     </span>
    </p>
   </div>
   <div class='ocr_carea' id='block_1_9' title="bbox 700 2220 806 2286">
    <p class='ocr_par' dir='ltr' id='par_1_9' title="bbox 700 2220 806 2286">
     <span class='ocr_line' id='line_1_18' title="bbox 700 2220 806 2286; baseline -0.009 0"><span class='ocrx_word' id='word_1_97' title='bbox 700 2220 806 2286; x_wconf 62' lang='lat' dir='ltr'>Alcis.</span> 
     </span>
    </p>
   </div>
   <div class='ocr_carea' id='block_1_10' title="bbox 156 2332 1334 2572">
    <p class='ocr_par' dir='ltr' id='par_1_10' title="bbox 156 2332 1334 2572">
     <span class='ocr_line' id='line_1_19' title="bbox 202 2332 1334 2417; baseline -0.003 -20"><span class='ocrx_word' id='word_1_98' title='bbox 202 2332 339 2399; x_wconf 87' lang='lat' dir='ltr'>Exaudi</span> <span class='ocrx_word' id='word_1_99' title='bbox 352 2352 415 2399; x_wconf 87' lang='lat' dir='ltr'>nos</span> <span class='ocrx_word' id='word_1_100' title='bbox 429 2334 514 2399; x_wconf 87' lang='lat' dir='ltr'>deus</span> <span class='ocrx_word' id='word_1_101' title='bbox 526 2332 682 2399; x_wconf 83' lang='lat' dir='ltr'>salutaris</span> <span class='ocrx_word' id='word_1_102' title='bbox 702 2341 824 2399; x_wconf 89' lang='lat' dir='ltr'>noster.</span> <span class='ocrx_word' id='word_1_103' title='bbox 840 2342 876 2399; x_wconf 91' lang='lat' dir='ltr'>et</span> <span class='ocrx_word' id='word_1_104' title='bbox 897 2332 1128 2417; x_wconf 85' lang='lat' dir='ltr'>apostolorum</span> <span class='ocrx_word' id='word_1_105' title='bbox 1151 2343 1278 2400; x_wconf 89' lang='lat' dir='ltr'>tuorum</span> <span class='ocrx_word' id='word_1_106' title='bbox 1288 2346 1334 2394; x_wconf 81' lang='lat' dir='ltr'>nos</span> 
     </span>
     <span class='ocr_line' id='line_1_20' title="bbox 156 2418 1334 2504; baseline -0.002 -19"><span class='ocrx_word' id='word_1_107' title='bbox 156 2430 251 2485; x_wconf 88' lang='lat' dir='ltr'>tuere</span> <span class='ocrx_word' id='word_1_108' title='bbox 287 2420 470 2503; x_wconf 88' lang='lat' dir='ltr'>praesidiis.</span> <span class='ocrx_word' id='word_1_109' title='bbox 503 2440 647 2504; x_wconf 88' lang='lat' dir='ltr'>quorum</span> <span class='ocrx_word' id='word_1_110' title='bbox 684 2420 819 2485; x_wconf 88' lang='lat' dir='ltr'>donasti</span> <span class='ocrx_word' id='word_1_111' title='bbox 856 2418 973 2485; x_wconf 83' lang='lat' dir='ltr'>fideles</span> <span class='ocrx_word' id='word_1_112' title='bbox 1001 2440 1077 2485; x_wconf 89' lang='lat' dir='ltr'>esse</span> <span class='ocrx_word' id='word_1_113' title='bbox 1105 2421 1267 2487; x_wconf 86' lang='lat' dir='ltr'>doctrinis</span> <span class='ocrx_word' id='word_1_114' title='bbox 1290 2432 1334 2500; x_wconf 76' lang='lat' dir='ltr'>per</span> 
     </span>
     <span class='ocr_line' id='line_1_21' title="bbox 157 2507 505 2572; baseline 0.006 -2"><span class='ocrx_word' id='word_1_115' title='bbox 157 2507 330 2571; x_wconf 86' lang='lat' dir='ltr'>dominum</span> <span class='ocrx_word' id='word_1_116' title='bbox 347 2518 505 2572; x_wconf 90' lang='lat' dir='ltr'>nostrum.</span> 
     </span>
    </p>
   </div>
   <div class='ocr_carea' id='block_1_11' title="bbox 714 2628 806 2691">
    <p class='ocr_par' dir='ltr' id='par_1_11' title="bbox 714 2628 806 2691">
     <span class='ocr_line' id='line_1_22' title="bbox 714 2628 806 2691; baseline 0.011 -1"><span class='ocrx_word' id='word_1_117' title='bbox 714 2628 806 2691; x_wconf 82' lang='lat' dir='ltr'>Alia.</span> 
     </span>
    </p>
   </div>
   <div class='ocr_carea' id='block_1_12' title="bbox 159 2709 1331 2885">
    <p class='ocr_par' dir='ltr' id='par_1_12' title="bbox 159 2709 1331 2885">
     <span class='ocr_line' id='line_1_23' title="bbox 203 2709 1331 2798; baseline -0.003 -21"><span class='ocrx_word' id='word_1_118' title='bbox 203 2716 344 2798; x_wconf 85' lang='lat' dir='ltr'>Protege</span> <span class='ocrx_word' id='word_1_119' title='bbox 359 2716 494 2778; x_wconf 85' lang='lat' dir='ltr'>domine</span> <span class='ocrx_word' id='word_1_120' title='bbox 511 2715 672 2797; x_wconf 93' lang='lat' dir='ltr'>populum</span> <span class='ocrx_word' id='word_1_121' title='bbox 688 2725 783 2779; x_wconf 90' lang='lat' dir='ltr'>tuum</span> <span class='ocrx_word' id='word_1_122' title='bbox 795 2724 829 2778; x_wconf 90' lang='lat' dir='ltr'>et</span> <span class='ocrx_word' id='word_1_123' title='bbox 844 2715 1073 2797; x_wconf 89' lang='lat' dir='ltr'>apostolorum</span> <span class='ocrx_word' id='word_1_124' title='bbox 1084 2725 1215 2779; x_wconf 90' lang='lat' dir='ltr'>tuorum</span> <span class='ocrx_word' id='word_1_125' title='bbox 1232 2709 1331 2796; x_wconf 82' lang='lat' dir='ltr'>petn&#39;et</span> 
     </span>
     <span class='ocr_line' id='line_1_24' title="bbox 159 2801 1330 2885; baseline -0.003 -19"><span class='ocrx_word' id='word_1_126' title='bbox 159 2802 249 2885; x_wconf 88' lang='lat' dir='ltr'>pauli</span> <span class='ocrx_word' id='word_1_127' title='bbox 274 2803 460 2885; x_wconf 86' lang='lat' dir='ltr'>patrocinio</span> <span class='ocrx_word' id='word_1_128' title='bbox 475 2801 700 2866; x_wconf 88' lang='lat' dir='ltr'>confidentem</span> <span class='ocrx_word' id='word_1_129' title='bbox 723 2811 887 2884; x_wconf 89' lang='lat' dir='ltr'>perpetua</span> <span class='ocrx_word' id='word_1_130' title='bbox 902 2801 1096 2865; x_wconf 78' lang='lat' dir='ltr'>defensione</span> <span class='ocrx_word' id='word_1_131' title='bbox 1112 2820 1270 2866; x_wconf 85' lang='lat' dir='ltr'>conserua</span> <span class='ocrx_word' id='word_1_132' title='bbox 1283 2811 1330 2878; x_wconf 72' lang='lat' dir='ltr'>per·</span> 
     </span>
    </p>
   </div>
   <div class='ocr_carea' id='block_1_13' title="bbox 202 2939 1330 3136">
    <p class='ocr_par' dir='ltr' id='par_1_13' title="bbox 202 2939 1330 3136">
     <span class='ocr_line' id='line_1_25' title="bbox 715 2939 821 3002; baseline 0 -1"><span class='ocrx_word' id='word_1_133' title='bbox 715 2939 821 3002; x_wconf 60' lang='lat' dir='ltr'>Alth}</span> 
     </span>
     <span class='ocr_line' id='line_1_26' title="bbox 202 3049 1330 3136; baseline 0.002 -21"><span class='ocrx_word' id='word_1_134' title='bbox 202 3056 254 3136; x_wconf 68' lang='lat' dir='ltr'>sn.</span> <span class='ocrx_word' id='word_1_135' title='bbox 280 3052 371 3115; x_wconf 75' lang='lat' dir='ltr'>Knr..</span> <span class='ocrx_word' id='word_1_136' title='bbox 397 3049 475 3115; x_wconf 74' lang='lat' dir='ltr'>Iun</span> <span class='ocrx_word' id='word_1_137' title='bbox 500 3049 657 3113; x_wconf 68' lang='lat' dir='ltr'>Narras</span> <span class='ocrx_word' id='word_1_138' title='bbox 686 3049 826 3115; x_wconf 79' lang='lat' dir='ltr'>Snncrr</span> <span class='ocrx_word' id='word_1_139' title='bbox 852 3049 971 3113; x_wconf 79' lang='lat' dir='ltr'>Pnum</span> <span class='ocrx_word' id='word_1_140' title='bbox 994 3049 1330 3132; x_wconf 73' lang='lat' dir='ltr'>Asosr0n1.0[s0134</span> 
     </span>
    </p>
   </div>
   <div class='ocr_carea' id='block_1_14' title="bbox 160 3183 1330 3453">
    <p class='ocr_par' dir='ltr' id='par_1_14' title="bbox 160 3183 1330 3453">
     <span class='ocr_line' id='line_1_27' title="bbox 205 3183 1330 3299; baseline -0.004 -38"><span class='ocrx_word' id='word_1_141' title='bbox 205 3199 296 3261; x_wconf 89' lang='lat' dir='ltr'>Deus</span> <span class='ocrx_word' id='word_1_142' title='bbox 326 3197 382 3298; x_wconf 86' lang='lat' dir='ltr'>qui</span> <span class='ocrx_word' id='word_1_143' title='bbox 414 3196 663 3260; x_wconf 90' lang='lat' dir='ltr'>multitudinem</span> <span class='ocrx_word' id='word_1_144' title='bbox 702 3197 851 3278; x_wconf 86' lang='lat' dir='ltr'>gentium</span> <span class='ocrx_word' id='word_1_145' title='bbox 890 3196 979 3259; x_wconf 89' lang='lat' dir='ltr'>beati</span> <span class='ocrx_word' id='word_1_146' title='bbox 1017 3197 1108 3279; x_wconf 90' lang='lat' dir='ltr'>pauli</span> <span class='ocrx_word' id='word_1_147' title='bbox 1139 3207 1233 3299; x_wconf 88' lang='lat' dir='ltr'>apost</span> <span class='ocrx_word' id='word_1_148' title='bbox 1220 3194 1270 3260; x_wconf 88' lang='lat' dir='ltr'>toli</span> <span class='ocrx_word' id='word_1_149' title='bbox 1296 3183 1330 3251; x_wconf 74' lang='lat' dir='ltr'>tui</span> 
     </span>
     <span class='ocr_line' id='line_1_28' title="bbox 160 3274 1330 3369; baseline -0.006 -20"><span class='ocrx_word' id='word_1_150' title='bbox 160 3287 339 3369; x_wconf 87' lang='lat' dir='ltr'>praedicat</span> <span class='ocrx_word' id='word_1_151' title='bbox 331 3305 406 3348; x_wconf 78' lang='lat' dir='ltr'>ione</span> <span class='ocrx_word' id='word_1_152' title='bbox 443 3283 595 3347; x_wconf 90' lang='lat' dir='ltr'>docuisti.</span> <span class='ocrx_word' id='word_1_153' title='bbox 626 3283 670 3346; x_wconf 91' lang='lat' dir='ltr'>da</span> <span class='ocrx_word' id='word_1_154' title='bbox 705 3283 801 3346; x_wconf 88' lang='lat' dir='ltr'>nobis</span> <span class='ocrx_word' id='word_1_155' title='bbox 831 3304 1014 3366; x_wconf 86' lang='lat' dir='ltr'>quesumus</span> <span class='ocrx_word' id='word_1_156' title='bbox 1048 3294 1086 3347; x_wconf 90' lang='lat' dir='ltr'>ut</span> <span class='ocrx_word' id='word_1_157' title='bbox 1116 3287 1208 3348; x_wconf 92' lang='lat' dir='ltr'>cuius</span> <span class='ocrx_word' id='word_1_158' title='bbox 1236 3274 1330 3346; x_wconf 77' lang='lat' dir='ltr'>natalia</span> 
     </span>
     <span class='ocr_line' id='line_1_29' title="bbox 160 3368 1059 3453; baseline -0.006 -16"><span class='ocrx_word' id='word_1_159' title='bbox 160 3374 299 3437; x_wconf 90' lang='lat' dir='ltr'>colimus</span> <span class='ocrx_word' id='word_1_160' title='bbox 316 3373 386 3435; x_wconf 90' lang='lat' dir='ltr'>eius</span> <span class='ocrx_word' id='word_1_161' title='bbox 401 3369 491 3453; x_wconf 89' lang='lat' dir='ltr'>apud</span> <span class='ocrx_word' id='word_1_162' title='bbox 508 3381 543 3434; x_wconf 88' lang='lat' dir='ltr'>te</span> <span class='ocrx_word' id='word_1_163' title='bbox 558 3368 760 3453; x_wconf 87' lang='lat' dir='ltr'>patrocini0†</span> <span class='ocrx_word' id='word_1_164' title='bbox 775 3372 967 3435; x_wconf 86' lang='lat' dir='ltr'>sentiamus</span> <span class='ocrx_word' id='word_1_165' title='bbox 990 3391 1059 3453; x_wconf 88' lang='lat' dir='ltr'>per.</span> 
     </span>
    </p>
   </div>
   <div class='ocr_carea' id='block_1_15' title="bbox 694 3506 831 3571">
    <p class='ocr_par' dir='ltr' id='par_1_15' title="bbox 694 3506 831 3571">
     <span class='ocr_line' id='line_1_30' title="bbox 694 3506 831 3571; baseline 0.007 -1"><span class='ocrx_word' id='word_1_166' title='bbox 694 3506 831 3571; x_wconf 80' lang='lat' dir='ltr'>Secreta.</span> 
     </span>
    </p>
   </div>
   <div class='ocr_carea' id='block_1_16' title="bbox 161 3611 1331 3870">
    <p class='ocr_par' dir='ltr' id='par_1_16' title="bbox 161 3611 1331 3870">
     <span class='ocr_line' id='line_1_31' title="bbox 206 3611 1331 3694; baseline -0.004 -18"><span class='ocrx_word' id='word_1_167' title='bbox 206 3612 399 3677; x_wconf 80' lang='lat' dir='ltr'>Aecclesiae</span> <span class='ocrx_word' id='word_1_168' title='bbox 426 3621 503 3675; x_wconf 90' lang='lat' dir='ltr'>tuae</span> <span class='ocrx_word' id='word_1_169' title='bbox 519 3631 701 3693; x_wconf 84' lang='lat' dir='ltr'>quesumus</span> <span class='ocrx_word' id='word_1_170' title='bbox 717 3612 853 3675; x_wconf 91' lang='lat' dir='ltr'>domine</span> <span class='ocrx_word' id='word_1_171' title='bbox 872 3631 1005 3692; x_wconf 87' lang='lat' dir='ltr'>praeces</span> <span class='ocrx_word' id='word_1_172' title='bbox 1021 3622 1055 3675; x_wconf 89' lang='lat' dir='ltr'>et</span> <span class='ocrx_word' id='word_1_173' title='bbox 1080 3611 1206 3677; x_wconf 88' lang='lat' dir='ltr'>hostias</span> <span class='ocrx_word' id='word_1_174' title='bbox 1228 3613 1331 3694; x_wconf 54' lang='lat' dir='ltr'>apost&amp;</span> 
     </span>
     <span class='ocr_line' id='line_1_32' title="bbox 161 3698 1330 3782; baseline -0.005 -19"><span class='ocrx_word' id='word_1_175' title='bbox 161 3701 224 3764; x_wconf 90' lang='lat' dir='ltr'>lica</span> <span class='ocrx_word' id='word_1_176' title='bbox 238 3699 451 3763; x_wconf 87' lang='lat' dir='ltr'>commendet</span> <span class='ocrx_word' id='word_1_177' title='bbox 468 3702 583 3762; x_wconf 85' lang='lat' dir='ltr'>oratio</span> <span class='ocrx_word' id='word_1_178' title='bbox 600 3710 637 3762; x_wconf 88' lang='lat' dir='ltr'>ut</span> <span class='ocrx_word' id='word_1_179' title='bbox 653 3700 744 3780; x_wconf 91' lang='lat' dir='ltr'>quod</span> <span class='ocrx_word' id='word_1_180' title='bbox 760 3719 820 3782; x_wconf 92' lang='lat' dir='ltr'>pro</span> <span class='ocrx_word' id='word_1_181' title='bbox 842 3699 974 3762; x_wconf 90' lang='lat' dir='ltr'>illorum</span> <span class='ocrx_word' id='word_1_182' title='bbox 998 3698 1104 3781; x_wconf 85' lang='lat' dir='ltr'>gloria</span> <span class='ocrx_word' id='word_1_183' title='bbox 1127 3700 1330 3764; x_wconf 72' lang='lat' dir='ltr'>caelebranus</span> 
     </span>
     <span class='ocr_line' id='line_1_33' title="bbox 162 3786 680 3870; baseline -0.002 -19"><span class='ocrx_word' id='word_1_184' title='bbox 162 3789 257 3851; x_wconf 83' lang='lat' dir='ltr'>nobis</span> <span class='ocrx_word' id='word_1_185' title='bbox 273 3787 378 3870; x_wconf 90' lang='lat' dir='ltr'>prosit</span> <span class='ocrx_word' id='word_1_186' title='bbox 393 3786 436 3848; x_wconf 90' lang='lat' dir='ltr'>ad</span> <span class='ocrx_word' id='word_1_187' title='bbox 453 3788 595 3850; x_wconf 88' lang='lat' dir='ltr'>ueniam.</span> <span class='ocrx_word' id='word_1_188' title='bbox 613 3806 680 3868; x_wconf 88' lang='lat' dir='ltr'>per.</span> 
     </span>
    </p>
   </div>
   <div class='ocr_carea' id='block_1_17' title="bbox 674 3902 854 3983">
    <p class='ocr_par' dir='ltr' id='par_1_17' title="bbox 674 3902 854 3983">
     <span class='ocr_line' id='line_1_34' title="bbox 674 3902 854 3983; baseline 0 -18"><span class='ocrx_word' id='word_1_189' title='bbox 674 3902 854 3983; x_wconf 72' lang='lat' dir='ltr'>Praefatio.</span> 
     </span>
    </p>
   </div>
   <div class='ocr_carea' id='block_1_18' title="bbox 161 4000 1334 4352">
    <p class='ocr_par' dir='ltr' id='par_1_18' title="bbox 161 4000 1334 4352">
     <span class='ocr_line' id='line_1_35' title="bbox 207 4000 1333 4089; baseline -0.01 -15"><span class='ocrx_word' id='word_1_190' title='bbox 207 4009 256 4074; x_wconf 71' lang='lat' dir='ltr'>(l)</span> <span class='ocrx_word' id='word_1_191' title='bbox 280 4019 413 4072; x_wconf 88' lang='lat' dir='ltr'>aeterne</span> <span class='ocrx_word' id='word_1_192' title='bbox 429 4008 520 4072; x_wconf 89' lang='lat' dir='ltr'>deus.</span> <span class='ocrx_word' id='word_1_193' title='bbox 559 4007 605 4072; x_wconf 91' lang='lat' dir='ltr'>Et</span> <span class='ocrx_word' id='word_1_194' title='bbox 621 4007 829 4071; x_wconf 89' lang='lat' dir='ltr'>maiestatem</span> <span class='ocrx_word' id='word_1_195' title='bbox 845 4016 938 4069; x_wconf 90' lang='lat' dir='ltr'>tuam</span> <span class='ocrx_word' id='word_1_196' title='bbox 954 4006 1149 4089; x_wconf 89' lang='lat' dir='ltr'>suppliciter</span> <span class='ocrx_word' id='word_1_197' title='bbox 1164 4021 1295 4070; x_wconf 86' lang='lat' dir='ltr'>exorare</span> <span class='ocrx_word' id='word_1_198' title='bbox 1307 4000 1333 4058; x_wconf 79' lang='lat' dir='ltr'>ul</span> 
     </span>
     <span class='ocr_line' id='line_1_36' title="bbox 161 4093 1332 4177; baseline -0.006 -17"><span class='ocrx_word' id='word_1_199' title='bbox 161 4096 357 4160; x_wconf 88' lang='lat' dir='ltr'>aecclesiam</span> <span class='ocrx_word' id='word_1_200' title='bbox 374 4106 466 4159; x_wconf 92' lang='lat' dir='ltr'>tuam</span> <span class='ocrx_word' id='word_1_201' title='bbox 491 4096 580 4158; x_wconf 88' lang='lat' dir='ltr'>beati</span> <span class='ocrx_word' id='word_1_202' title='bbox 604 4094 693 4177; x_wconf 90' lang='lat' dir='ltr'>pauli</span> <span class='ocrx_word' id='word_1_203' title='bbox 716 4093 858 4177; x_wconf 85' lang='lat' dir='ltr'>apostoli</span> <span class='ocrx_word' id='word_1_204' title='bbox 874 4094 923 4156; x_wconf 92' lang='lat' dir='ltr'>tui</span> <span class='ocrx_word' id='word_1_205' title='bbox 946 4094 1194 4176; x_wconf 85' lang='lat' dir='ltr'>praedicatione</span> <span class='ocrx_word' id='word_1_206' title='bbox 1208 4094 1332 4157; x_wconf 75' lang='lat' dir='ltr'>edoctam</span> 
     </span>
     <span class='ocr_line' id='line_1_37' title="bbox 164 4175 1334 4259; baseline -0.006 -13"><span class='ocrx_word' id='word_1_207' title='bbox 164 4183 255 4246; x_wconf 87' lang='lat' dir='ltr'>nulla</span> <span class='ocrx_word' id='word_1_208' title='bbox 277 4183 367 4245; x_wconf 90' lang='lat' dir='ltr'>sinas</span> <span class='ocrx_word' id='word_1_209' title='bbox 398 4182 527 4247; x_wconf 85' lang='lat' dir='ltr'>fallacia</span> <span class='ocrx_word' id='word_1_210' title='bbox 558 4182 683 4246; x_wconf 88' lang='lat' dir='ltr'>uiolari.</span> <span class='ocrx_word' id='word_1_211' title='bbox 746 4181 789 4243; x_wconf 83' lang='lat' dir='ltr'>Et</span> <span class='ocrx_word' id='word_1_212' title='bbox 816 4181 901 4244; x_wconf 89' lang='lat' dir='ltr'>sicut</span> <span class='ocrx_word' id='word_1_213' title='bbox 931 4181 1052 4243; x_wconf 92' lang='lat' dir='ltr'>nihil&#39;</span> <span class='ocrx_word' id='word_1_214' title='bbox 1044 4201 1076 4242; x_wconf 83' lang='lat' dir='ltr'>rn</span> <span class='ocrx_word' id='word_1_215' title='bbox 1104 4201 1183 4243; x_wconf 88' lang='lat' dir='ltr'>uera</span> <span class='ocrx_word' id='word_1_216' title='bbox 1207 4175 1334 4259; x_wconf 79' lang='lat' dir='ltr'>religione</span> 
     </span>
     <span class='ocr_line' id='line_1_38' title="bbox 164 4252 1334 4352; baseline -0.007 -18"><span class='ocrx_word' id='word_1_217' title='bbox 164 4290 298 4334; x_wconf 86' lang='lat' dir='ltr'>manere</span> <span class='ocrx_word' id='word_1_218' title='bbox 327 4270 517 4334; x_wconf 86' lang='lat' dir='ltr'>dinoscitur.</span> <span class='ocrx_word' id='word_1_219' title='bbox 548 4270 639 4352; x_wconf 91' lang='lat' dir='ltr'>quod</span> <span class='ocrx_word' id='word_1_220' title='bbox 666 4288 732 4332; x_wconf 92' lang='lat' dir='ltr'>non</span> <span class='ocrx_word' id='word_1_221' title='bbox 760 4268 830 4331; x_wconf 91' lang='lat' dir='ltr'>eius</span> <span class='ocrx_word' id='word_1_222' title='bbox 856 4268 1018 4331; x_wconf 88' lang='lat' dir='ltr'>condierit</span> <span class='ocrx_word' id='word_1_223' title='bbox 1044 4268 1219 4350; x_wconf 89' lang='lat' dir='ltr'>disciplina</span> <span class='ocrx_word' id='word_1_224' title='bbox 1241 4268 1281 4328; x_wconf 88' lang='lat' dir='ltr'>ita</span> <span class='ocrx_word' id='word_1_225' title='bbox 1304 4252 1334 4319; x_wconf 80' lang='lat' dir='ltr'>ad</span> 
     </span>
    </p>
   </div>
   <div class='ocr_carea' id='block_1_19' title="bbox 164 4393 1337 4540">
    <p class='ocr_par' dir='ltr' id='par_1_19' title="bbox 164 4393 1337 4540">
     <span class='ocr_line' id='line_1_39' title="bbox 197 4393 1337 4473; baseline -0.006 -16"><span class='ocrx_word' id='word_1_226' title='bbox 197 4404 204 4437; x_wconf 89' lang='lat'>¹</span> <span class='ocrx_word' id='word_1_227' title='bbox 223 4407 285 4457; x_wconf 78' lang='lat' dir='ltr'>Tlns</span> <span class='ocrx_word' id='word_1_228' title='bbox 295 4406 424 4473; x_wconf 77' lang='lat' dir='ltr'>heading</span> <span class='ocrx_word' id='word_1_229' title='bbox 417 4423 438 4457; x_wconf 83' lang='lat' dir='ltr'>rs</span> <span class='ocrx_word' id='word_1_230' title='bbox 449 4407 492 4459; x_wconf 88' lang='lat' dir='ltr'>the</span> <span class='ocrx_word' id='word_1_231' title='bbox 509 4409 557 4459; x_wconf 83' lang='lat' dir='ltr'>last</span> <span class='ocrx_word' id='word_1_232' title='bbox 574 4408 643 4458; x_wconf 85' lang='lat' dir='ltr'>nord</span> <span class='ocrx_word' id='word_1_233' title='bbox 655 4405 725 4457; x_wconf 74' lang='lat' dir='ltr'>otro.</span> <span class='ocrx_word' id='word_1_234' title='bbox 743 4418 812 4471; x_wconf 80' lang='lat' dir='ltr'>133v.</span> <span class='ocrx_word' id='word_1_235' title='bbox 832 4404 915 4455; x_wconf 87' lang='lat' dir='ltr'>wbicb</span> <span class='ocrx_word' id='word_1_236' title='bbox 926 4420 1033 4470; x_wconf 79' lang='lat' dir='ltr'>appears</span> <span class='ocrx_word' id='word_1_237' title='bbox 1051 4411 1078 4454; x_wconf 86' lang='lat' dir='ltr'>to</span> <span class='ocrx_word' id='word_1_238' title='bbox 1097 4403 1161 4454; x_wconf 82' lang='lat' dir='ltr'>bave</span> <span class='ocrx_word' id='word_1_239' title='bbox 1178 4403 1240 4453; x_wconf 89' lang='lat' dir='ltr'>been</span> <span class='ocrx_word' id='word_1_240' title='bbox 1255 4398 1292 4450; x_wconf 84' lang='lat' dir='ltr'>the</span> <span class='ocrx_word' id='word_1_241' title='bbox 1304 4393 1337 4443; x_wconf 67' lang='lat'>1⁸⁵¹</span> 
     </span>
     <span class='ocr_line' id='line_1_40' title="bbox 164 4469 1092 4540; baseline -0.004 -16"><span class='ocrx_word' id='word_1_242' title='bbox 164 4490 228 4540; x_wconf 82' lang='lat' dir='ltr'>page</span> <span class='ocrx_word' id='word_1_243' title='bbox 214 4473 267 4524; x_wconf 83' lang='lat' dir='ltr'>eol</span> <span class='ocrx_word' id='word_1_244' title='bbox 281 4472 325 4523; x_wconf 82' lang='lat' dir='ltr'>the</span> <span class='ocrx_word' id='word_1_245' title='bbox 336 4472 476 4539; x_wconf 81' lang='lat' dir='ltr'>gathenng</span> <span class='ocrx_word' id='word_1_246' title='bbox 514 4474 537 4525; x_wconf 89' lang='lat' dir='ltr'>lt</span> <span class='ocrx_word' id='word_1_247' title='bbox 548 4474 594 4525; x_wconf 80' lang='lat' dir='ltr'>bas</span> <span class='ocrx_word' id='word_1_248' title='bbox 605 4473 726 4540; x_wconf 81' lang='lat' dir='ltr'>probably</span> <span class='ocrx_word' id='word_1_249' title='bbox 737 4472 802 4523; x_wconf 89' lang='lat' dir='ltr'>been</span> <span class='ocrx_word' id='word_1_250' title='bbox 813 4471 919 4522; x_wconf 77' lang='lat' dir='ltr'>inserted</span> <span class='ocrx_word' id='word_1_251' title='bbox 932 4471 966 4535; x_wconf 87' lang='lat' dir='ltr'>by</span> <span class='ocrx_word' id='word_1_252' title='bbox 977 4469 1092 4521; x_wconf 77' lang='lat' dir='ltr'>mistalre</span> 
     </span>
    </p>
   </div>
   <div class='ocr_carea' id='block_1_20' title="bbox 0 0 1540 5092">
    <p class='ocr_par' dir='ltr' id='par_1_20' title="bbox 0 0 1540 5092">
     <span class='ocr_line' id='line_1_41' title="bbox 0 0 1540 5092; baseline 0 0"><span class='ocrx_word' id='word_1_253' title='bbox 0 0 1540 5092; x_wconf 95' lang='lat' dir='ltr'> </span> 
     </span>
    </p>
   </div>
  </div>
 </body>
</html>
