3046 5092
462 357 700 409 BENEDICTIO
720 359 828 409 SALIS
847 359 904 409 ΕΤ
919 360 1059 422 ΑρὶΙΑΕ.

457 517 619 611 ¹Mrssast
641 535 816 599 Erusnmr
842 535 1006 600 Urounu.

205 661 297 727 Deus
313 663 476 727 castitatis
497 673 628 727 amator
649 673 683 727 et
705 664 930 727 continentiae
952 675 1173 729 conseruator.
1196 665 1361 748 supplica·

160 750 286 813 tionem
296 761 444 814 nostram
454 750 618 833 benignus
627 750 751 814 exaudi
763 761 797 815 et
808 751 894 814 hanc
907 751 1065 814 famulam
1076 750 1184 835 tuaml
1196 751 1252 835 [lo.
1268 755 1358 831 198v.

160 837 324 919 propitius
350 838 485 901 intuere.
508 847 543 900 et
572 857 658 921 quae
681 857 741 919 pro
763 838 881 901 timore
903 848 962 902 tuo
985 840 1209 902 continentiae
1233 840 1359 921 pudici·

161 923 243 986 tiam
266 935 374 986 uouet
398 934 457 987 tuo
479 924 607 987 auxilio
628 934 849 988 conseruetur.
872 934 909 987 ut
940 927 1187 1006 sexagesimum
1214 926 1358 990 fructum

160 1010 393 1074 continentiae.
423 1021 456 1074 et
486 1012 590 1074 uitam
621 1020 790 1075 aeternam
824 1021 858 1075 te
895 1011 1055 1093 largiente
1092 1014 1261 1095 percipiat.
1300 1034 1359 1095 per

160 1097 334 1160 dominum
351 1106 509 1160 nostrum.

693 1199 831 1265 Secreta.

204 1311 345 1375 Munera
359 1332 539 1394 quesumus
562 1311 697 1375 domine
712 1311 856 1375 famulae
877 1321 911 1374 et
933 1323 1081 1377 sacratae
1104 1323 1188 1378 tuae.
1205 1314 1251 1378 ill.
1273 1334 1358 1396 quae

158 1397 220 1461 tibi
250 1398 526 1462 obsecrationem¹
555 1400 606 1461 sui
636 1400 782 1482 corporis
804 1398 901 1462 offert
931 1400 1029 1464 simul
1059 1400 1101 1463 ad
1133 1401 1203 1464 eius
1225 1402 1357 1464 animae

158 1485 325 1565 medelam
341 1485 498 1568 proficiat.
515 1506 582 1569 per.

614 1608 676 1672 Ad
685 1608 909 1692 complendum.

203 1722 373 1786 Bonorum
408 1723 490 1786 deus
519 1740 658 1804 operum
689 1721 859 1786 institutor
893 1720 1036 1784 famulae
1066 1732 1144 1786 tuae
1173 1723 1218 1785 ill.
1257 1721 1358 1785 corda

159 1807 304 1890 purifica
336 1818 373 1871 ut
397 1809 475 1871 nihil
499 1809 532 1871 in
556 1829 596 1871 ea
619 1808 709 1890 quod
733 1809 850 1891 punire
872 1809 931 1870 sed
954 1808 1044 1890 quod
1075 1829 1234 1873 coronare
1249 1810 1357 1891 possis

158 1896 318 1959 inuenias.
334 1916 392 1978 per
407 1896 590 1959 dominum.

515 2092 663 2157 Ounno
686 2107 738 2155 no
761 2093 996 2157 Mnuunruu.

202 2222 335 2285 Adesto
350 2223 486 2286 domine
500 2221 609 2286 officio
625 2231 757 2286 nostrae
772 2223 940 2286 seruitutis
961 2223 1041 2304 quia
1063 2233 1098 2286 tu
1123 2223 1224 2304 pedes
1247 2222 1358 2286 lauare

158 2309 317 2391 dignatus
332 2329 367 2372 es
382 2308 628 2391 discipulorum.
652 2328 693 2371 ne
715 2308 896 2391 dispiceas†
918 2329 1019 2391 opera
1043 2329 1201 2372 manuum
1226 2320 1356 2373 tuarum

158 2398 352 2477 quesumus¹
383 2395 478 2458 nobis
508 2396 680 2459 retinenda
711 2396 886 2460 mandasti.
913 2415 1093 2478 quesumus
1123 2407 1160 2459 ut
1189 2397 1274 2459 sicut
1305 2397 1357 2459 hic

157 2483 326 2546 exteriora
347 2481 527 2545 abluuntur
550 2483 808 2565 inquinamenta
832 2484 879 2546 sic
902 2503 922 2545 a
944 2493 978 2545 te
1000 2484 1149 2545 omnium
1170 2492 1357 2546 nostrorum

159 2569 316 2632 interiora
331 2568 484 2633 lauentur
498 2580 643 2652 peccata.
659 2570 716 2652 qui
733 2589 808 2633 cum
825 2579 929 2652 patre.

463 2772 700 2836 Burrumcrro
723 2770 832 2836 Snus
857 2785 903 2834 ur
927 2770 1067 2847 AQUAl

202 2910 370 2974 Exorcizo
389 2919 424 2973 te
439 2921 589 2972 creatura
613 2909 692 2973 salis
718 2929 777 2991 per
792 2909 891 2971 deum
905 2909 1027 2971 uiuum.
1044 2929 1103 2990 per
1117 2911 1217 2974 deum
1234 2931 1357 2975 uerum.

158 3018 218 3081 per
232 2999 333 3061 deum
349 3007 511 3060 sanctum.
542 3016 601 3078 per
616 2997 716 3059 deum
732 2996 788 3077 qui
805 3004 839 3058 te
854 3015 913 3077 per
932 2995 1091 3057 heliseum
1109 2996 1306 3078 prophetam
1323 3000 1356 3060 in

159 3105 281 3167 aquam
298 3085 385 3146 mitti
403 3084 503 3145 iussit,
520 3093 557 3146 ut
572 3093 744 3157 sanaretur
759 3082 914 3144 sterilitas
935 3101 1049 3163 aquae.
1077 3094 1113 3145 ut
1132 3082 1282 3148 efficiaris
1308 3086 1356 3148 sal

158 3172 384 3235 exorcizatum
401 3170 435 3231 in
451 3170 592 3232 salutem
608 3168 823 3232 credentium.
833 3179 867 3231 et
878 3169 923 3230 sis
935 3169 1088 3232 omnibus
1101 3179 1134 3231 te
1149 3171 1357 3234 sumentibus

159 3259 284 3322 sanitas
300 3258 432 3320 animae
447 3267 480 3319 et
496 3257 650 3338 corporis.
666 3265 700 3319 et
715 3254 853 3337 effugiat
869 3265 969 3337 atque
985 3255 1135 3320 discedat
1150 3257 1193 3319 ab
1219 3277 1259 3319 eo
1284 3258 1357 3321 loco

159 3365 225 3427 quo
237 3363 390 3426 aspersus
401 3342 499 3406 fueris
510 3343 619 3406 omnis
629 3343 813 3424 phantasia.
826 3352 859 3405 et
870 3342 1017 3423 nequitia
1028 3342 1080 3405 uel
1094 3343 1357 3407 uersutiadiabo·

159 3432 242 3495 licae
257 3430 390 3494 fraudis.
406 3431 581 3511 omnisque
593 3431 727 3512 spiritus
737 3430 917 3491 inmundus
933 3429 1111 3491 adiuratus
1127 3449 1185 3512 per
1200 3450 1276 3493 eum
1299 3432 1356 3513 qui

161 3528 326 3583 uenturus.

718 3619 809 3682 Alia.

200 3730 438 3818 [1³]nmensam
477 3731 688 3794 clementiam
719 3740 812 3794 tuam
845 3731 1057 3812 omnipotens
1095 3741 1227 3794 aeterne
1264 3732 1355 3797 deus.

158 3820 326 3884 humiliter
341 3820 563 3901 imploramus.
581 3828 617 3881 ut
633 3817 718 3880 hanc
734 3826 917 3880 creaturam
934 3816 1012 3879 salis
1027 3837 1128 3898 quam
1144 3817 1191 3901 lin
1210 3817 1264 3900 [so.
1286 3837 1354 3901 199.

159 3927 253 3972 usum
283 3908 413 3989 generis
444 3905 580 3968 humani
611 3904 763 3968 tribuisti.
794 3904 989 3967 benedicere
1013 3914 1047 3966 et
1069 3904 1274 3969 sanctificare
1296 3916 1355 3970 tua

158 3996 282 4077 pietate
311 3993 465 4074 digneris.
497 4002 533 4054 ut
564 3991 606 4054 sit
636 3990 791 4053 omnibus
821 3989 1028 4053 sumentibus
1059 3990 1147 4052 salus
1178 3994 1298 4055 mentis
1321 4004 1354 4056 et

157 4081 310 4163 corporis.
326 4089 360 4141 et
375 4079 531 4161 quicquid
551 4098 596 4140 ex
620 4097 660 4140 eo
682 4086 808 4140 tactum
832 4077 885 4139 uel
910 4096 1092 4159 respersum
1116 4077 1220 4141 suerit.
1244 4092 1354 4143 careat

155 4169 246 4231 omni
264 4167 464 4229 inmunditia
478 4165 636 4245 omnique
659 4164 898 4247 inpugnatione
920 4164 1076 4245 spiritalis
1099 4166 1273 4246 nequitiae.
1297 4187 1356 4249 per

155 4275 230 4319 eurn
248 4255 305 4337 qui
321 4264 488 4316 uenturus.

412 4377 461 4426 For
472 4377 500 4425 ob
510 4374 719 4425 corrrccratr'onem.

382 4463 393 4496 ¹
408 4468 464 4517 The
475 4466 532 4519 MS.
547 4466 592 4516 has
603 4453 648 4543 ἶ,
659 4466 782 4580 qqobnbly
793 4466 826 4530 by
837 4481 869 4515 an
880 4479 947 4515 error
959 4464 997 4513 lor
1006 4481 1076 4530 quae.

382 4530 495 4583 ³Letter
506 4532 578 4582 omitt
622 4546 649 4581 m
692 4532 717 4583 S.

1158 4610 1223 4658 T2
