3046 5092
450 334 505 384 III.
536 333 621 385 KAL.
653 334 726 387 IUL.
756 333 843 384 ΝΑΤ.
873 336 900 385 S.
932 333 1056 385 PETRI.
1314 329 1362 394 185

292 501 430 566 Eooeu
455 502 527 565 Dm
552 501 707 568 Urornrn
731 502 872 569 Sanc‘n
897 502 1012 565 Perat
1034 501 1234 566 Arosrom.

205 619 342 684 Praesta
358 641 539 703 quesumus
562 624 775 705 omnipotens
799 623 890 686 deus.
916 633 953 685 ut
980 621 1078 684 nullis
1105 640 1166 683 nos
1189 618 1362 701 permittas

160 708 466 788 perturbationibus
481 710 622 773 concuti.
638 730 722 792 quos
746 711 779 772 in
806 708 1009 791 apostolicae
1032 707 1248 772 consessionis
1268 715 1363 786 petra

160 794 319 858 solidasti.
336 815 395 878 per
410 796 584 859 dominum
601 807 759 860 nostrum.

694 916 831 980 Secreta.

206 1024 330 1088 Munus
353 1028 467 1109 populi
491 1028 539 1091 tui
562 1028 698 1091 domine
718 1048 899 1110 quesumus
922 1026 1105 1109 apostolica
1129 1023 1364 1089 intercessione

161 1111 340 1175 sanctifica.
379 1134 505 1196 nosque
536 1135 555 1177 a
586 1124 798 1196 peccatorum
823 1124 1011 1177 nostrorum
1039 1112 1178 1176 maculis
1208 1111 1363 1174 emunda.

161 1218 221 1280 per
235 1199 408 1263 dominum
423 1211 581 1265 nostrum.

668 1321 849 1402 Praefatio.

205 1430 255 1493 (D
280 1440 412 1495 aeterne
428 1433 520 1496 deus.
566 1433 616 1496 Te
637 1433 772 1496 domine
793 1432 987 1515 suppliciter
1001 1452 1150 1494 exorare.
1166 1441 1203 1494 ut
1225 1450 1361 1513 gregem

162 1526 256 1579 tuum
279 1528 393 1599 pastor
407 1531 561 1583 aeternae
577 1541 644 1583 non
660 1521 800 1583 deseras
817 1521 874 1583 sed
896 1539 953 1601 per
969 1519 1086 1582 beatos
1101 1518 1269 1601 apostolos
1285 1529 1362 1580 tuos

161 1604 319 1666 continua
342 1607 562 1688 proltectione
585 1608 760 1670 custodias
809 1606 858 1671 Ut
882 1606 986 1668 isdem
1012 1606 1192 1668 rectoribus
1215 1604 1360 1686 [i0.132.

161 1690 370 1770 gubernetur.
396 1713 479 1774 quos
504 1694 612 1775 operis
628 1695 676 1756 tui
701 1694 842 1757 uicarios
869 1693 977 1755 eidem
1009 1692 1178 1755 contulisti
1209 1710 1363 1773 praeesse

161 1786 319 1858 pastores.
335 1787 369 1841 et
385 1779 468 1844 ideo.

611 1898 675 1962 Ad
685 1885 910 1982 corrmlcndum.

205 2008 301 2092 Quos
331 2011 465 2075 caelesti
503 2013 639 2075 domine
672 2012 832 2075 alimento
861 2011 999 2074 satiasti.
1033 2009 1227 2093 apostolicis
1264 2008 1363 2071 inter·

163 2097 367 2161 cessionibus
382 2099 424 2161 ab
440 2100 531 2161 omni
548 2100 750 2162 aduersitate
765 2099 903 2162 custodi.
920 2118 986 2180 per.

715 2236 807 2300 Alia.

205 2345 301 2407 Deus
316 2347 371 2427 qui
397 2347 592 2411 aecclesiam
616 2356 709 2410 tuam
736 2346 877 2429 apostoli
895 2347 942 2410 tui
968 2346 1052 2427 petri
1080 2344 1145 2409 fide
1170 2353 1203 2406 et
1227 2344 1362 2406 nomine

160 2433 372 2496 consecrasti.
388 2434 511 2516 quique
535 2435 670 2497 beatum
695 2434 740 2496 illi
768 2434 904 2515 paulum
930 2433 972 2495 ad
998 2432 1257 2514 praedicandum
1272 2451 1362 2510 gen-

158 2518 249 2581 tibus
265 2518 405 2599 gloriam
421 2528 515 2583 tuam
531 2521 656 2583 sociare
681 2521 838 2602 dignatus
853 2540 896 2582 es.
924 2520 1070 2582 concede
1094 2528 1131 2581 ut
1154 2537 1272 2580 omnes
1299 2518 1355 2599 qui

156 2605 201 2669 ad
218 2605 447 2686 apostolorum
464 2607 662 2689 sollempnia
677 2617 914 2670 conuenerunt.
931 2606 1071 2688 spiritali
1096 2605 1361 2668 remuneratione

157 2692 316 2756 ditentur.
334 2690 416 2774 per.¹

637 2859 714 2945 [Ab
739 2861 896 2926 M1ssnn.
1216 2857 1273 2945 [so.
1294 2875 1363 2939 133.

203 2978 300 3042 Deus
315 2980 371 3060 qui
394 2981 588 3043 hodiernam
606 2982 694 3043 diem
711 2980 937 3063 apostolorum
960 2992 1092 3043 tuorum
1117 2981 1200 3062 petri
1215 2989 1248 3042 et
1272 2978 1361 3061 pauli

155 3067 323 3148 martyrio
338 3069 547 3130 consecrasti.
565 3069 609 3130 da
631 3067 771 3145 aeclesie
794 3079 871 3130 tuae
895 3088 1008 3130 eorum
1033 3069 1066 3130 in
1089 3067 1245 3129 omnibus
1268 3066 1361 3147 sequi

155 3163 386 3235 praeceptum.
404 3174 462 3235 per
476 3173 560 3235 quos
577 3154 744 3237 religionis
760 3156 903 3237 sumpsit
918 3156 1105 3217 exordium.
1122 3174 1189 3236 per.

693 3293 831 3356 Secreta.

204 3403 346 3466 Hostias
357 3405 491 3467 domine
501 3425 584 3486 quas
595 3406 720 3468 nomini
734 3416 793 3468 tuo
804 3406 982 3468 sacrandas
995 3403 1165 3467 offerimus
1177 3402 1360 3484 apostolica

160 3501 381 3571 prosequatur
406 3493 524 3554 oratio.
548 3512 729 3574 perquam
761 3512 822 3554 nos
853 3493 981 3574 expiari
1007 3491 1123 3554 tribuis
1154 3500 1187 3553 ct
1218 3489 1360 3553 delendi.
1447 3515 1452 3523 ·

162 3596 218 3658 per
235 3578 409 3640 dominum
432 3589 590 3642 nostrum.

648 3705 872 3789 [Praefatrb.⁹]

202 3806 269 3892 lff)
294 3817 427 3871 aeterne
442 3810 531 3872 deus
570 3808 674 3891 Apud
690 3830 789 3891 quem
803 3830 878 3873 cum
895 3809 1067 3873 beatorum
1081 3828 1178 3890 apos·
1193 3807 1249 3889 [lo.
1271 3823 1360 3886 133v.

163 3894 304 3956 tolorum
335 3896 530 3958 continuata
561 3895 731 3959 sestiuitas.
764 3896 989 3978 triumphique
1019 3896 1169 3958 caelestis
1200 3904 1360 3976 perpetua

161 3992 295 4043 aeterna
311 3982 354 4044 sit
370 3981 543 4046 celebritas
567 3983 662 4046 nobis
678 3993 790 4046 tamen
807 4003 921 4045 eorum
943 3983 1027 4045 festa
1042 3982 1160 4043 annuis
1177 3980 1360 4043 recursibus

160 4066 276 4129 tribuis
293 4067 507 4148 frequentare.
524 4079 561 4131 ut
576 4080 610 4132 et
626 4069 756 4132 illorum
773 4070 918 4152 passioni
941 4071 983 4132 sit
998 4070 1168 4131 ueneratio
1186 4088 1229 4129 ex
1247 4076 1359 4129 nostra

159 4152 348 4216 deuotione.
372 4164 406 4216 et
433 4156 528 4218 nobis
554 4156 717 4219 auxilium
743 4158 918 4238 proueniat
944 4158 986 4219 de
1013 4175 1126 4218 eorum
1152 4154 1360 4218 sanctissima

159 4240 404 4304 intercessione.
421 4261 480 4323 per
499 4242 666 4306 christum.

191 4361 199 4395 ¹
217 4366 275 4415 The
286 4366 360 4416 latter
371 4375 425 4432 pert
437 4366 467 4415 of
481 4367 523 4418 the
541 4376 609 4418 recto
626 4368 656 4418 of
671 4368 704 4419 io.
731 4381 776 4431 132
796 4368 817 4418 is
837 4369 924 4429 blank,
947 4369 989 4418 the
1007 4384 1079 4418 verso
1098 4367 1120 4416 is
1137 4366 1257 4432 occupied
1275 4367 1308 4431 by
1325 4382 1359 4416 an

155 4430 334 4482 iuumimrton.
366 4434 425 4491 (See
438 4432 507 4483 Plare
519 4433 577 4494 XI).

189 4495 201 4529 ²
218 4496 341 4562 Heeding
351 4496 457 4547 omitted
468 4497 494 4546 in
506 4498 562 4548 MS.
