3046 5092
514 344 705 395 PROBAIIO
726 344 981 396 Noulrloutm.
1309 343 1358 411 285

200 498 489 565 clementissimae
522 497 657 563 domine
693 508 787 562 tuam
824 498 1021 563 inuocamus
1051 499 1213 582 pietatem
1243 494 1358 582 ssuper

156 586 245 651 hunc
261 586 421 649 famulum
438 596 543 650 tuum.
559 585 604 649 ill.
619 604 719 667 quem
735 606 756 648 a
771 584 904 649 saeculo
919 606 1116 649 conuersum
1134 588 1166 648 in
1189 585 1245 668 [fo.
1263 601 1355 666 205v.

156 694 295 737 numero
318 684 508 737 sanctorum
534 681 665 735 tuorum
693 673 851 735 accersire
876 673 1034 755 dignatus
1057 694 1092 736 es
1116 693 1296 755 quesumus
1319 684 1357 737 ut

155 761 381 824 conuersionis
405 779 485 822 suae
509 758 610 821 fidem
637 761 738 841 digne
760 759 934 823 custodiat.
951 769 985 822 et
1000 760 1159 842 quicquid
1175 780 1234 842 pro
1249 760 1357 823 salute

158 849 291 911 animae
306 867 386 909 suae
401 845 497 910 fuerit
513 846 731 928 depraecatus
754 847 912 909 obtineat.
958 846 1010 911 Sit
1025 847 1094 909 uita
1110 845 1298 928 probabilis.
1314 849 1357 911 sit

157 935 292 1016 sapiens
329 944 363 997 et
400 932 542 996 humilis.
574 933 617 995 sit
648 931 823 1008 scientiae¹t
853 952 960 995 uerus.
991 932 1206 996 oboedientia
1242 933 1357 997 clarus.

159 1021 359 1084 conueniens
387 1021 419 1082 in
447 1019 607 1082 doctrina.
633 1019 912 1100 increpationibus
939 1020 1127 1083 immobilis.
1145 1021 1177 1082 in
1193 1021 1358 1102 grauitate

157 1109 307 1170 decorus.
321 1108 353 1169 in
364 1107 518 1189 passione
530 1105 705 1188 piissimus.
716 1107 749 1167 in
760 1107 1082 1188 operationecautus
1096 1107 1129 1169 in
1141 1108 1359 1190 dispositione

159 1193 327 1257 sollicitus
343 1195 376 1255 in
392 1193 665 1276 temptationibus
681 1192 795 1255 fortis.¹
812 1193 936 1255 iniuriis
960 1194 1097 1275 patiens.
1115 1194 1146 1255 in
1164 1214 1246 1275 pace
1263 1193 1359 1256 fixus.

158 1282 192 1344 in
209 1279 397 1343 elemosinis
413 1290 595 1362 promptus.
612 1280 644 1341 in
661 1279 865 1341 orationibus
892 1279 1053 1361 frequens.
1077 1281 1110 1342 in
1135 1282 1359 1344 misericordia

156 1367 288 1430 efficax.
304 1368 337 1428 in
353 1366 493 1429 subditis
510 1367 591 1448 pius.
638 1365 669 1428 N
672 1386 709 1428 ec
729 1367 773 1429 sit
789 1367 952 1428 inmemor
967 1368 1057 1448 quod
1074 1377 1142 1429 ate
1158 1367 1200 1429 de
1216 1368 1283 1429 suis
1298 1369 1360 1431 erit

159 1454 256 1518 factis
272 1454 394 1516 iudicio
409 1453 612 1516 iudicandus,
660 1452 769 1516 Huius
794 1453 930 1516 domine
956 1472 1088 1534 quoque
1113 1454 1358 1535 depraecamur.

158 1551 196 1604 ut
214 1560 351 1603 munera
367 1540 517 1622 placatus
532 1538 700 1621 suscipias.
716 1549 750 1602 et
764 1540 921 1620 quicquid
937 1559 958 1602 a
973 1549 1006 1602 te
1022 1541 1154 1621 petierit
1180 1540 1361 1604 clementer

161 1627 310 1710 inpertiri
325 1628 480 1709 digneris
497 1646 555 1708 per
570 1626 752 1688 dominum.

723 1762 813 1825 Alia.

207 1875 432 1957 Omnipotens
448 1883 481 1937 et
498 1875 681 1937 misericors
697 1874 787 1937 deus.
803 1874 905 1936 totius
928 1883 1064 1937 sanctae
1088 1874 1255 1956 religionis
1270 1875 1364 1957 origo

160 1964 338 2044 omnisque
364 1960 576 2043 professionis
600 1963 633 2023 in
659 1970 692 2023 te
716 1971 851 2024 aeterna
876 1960 1026 2024 saluatio.
1049 1964 1179 2044 suscipe
1201 1963 1364 2044 propitius

163 2061 245 2113 uota
270 2047 554 2130 professionesque
580 2046 778 2110 famulorum
804 2057 936 2110 tuorum
967 2047 1022 2129 qui
1050 2048 1093 2110 de
1122 2048 1219 2111 huius
1242 2047 1364 2111 saeculi

163 2136 326 2200 uenitate¹
352 2145 386 2197 et
416 2135 547 2197 turbine
584 2134 626 2196 ad
665 2143 699 2197 te
736 2132 940 2215 confugiunt.
1001 2134 1077 2199 Sint
1113 2155 1293 2216 quesumus
1331 2145 1364 2196 te

162 2224 346 2286 adiuuante
370 2221 413 2284 ab
435 2222 527 2284 omni
553 2220 797 2303 negotiatorum
822 2220 1038 2283 saecularium
1062 2222 1201 2303 strepitu
1225 2223 1328 2284 exuti.
1345 2242 1366 2283 a

165 2308 442 2374 delectationibus
472 2307 736 2389 spectaculorum
767 2307 990 2389 praesentium
1028 2308 1141 2370 euulsi.
1180 2329 1201 2370 a
1238 2308 1365 2371 cunctis

165 2396 284 2459 mundi
308 2394 580 2476 occupationibus
607 2394 766 2457 extranei.
782 2392 825 2455 ab
840 2394 967 2474 antiqui
983 2394 1088 2457 hostis
1104 2395 1230 2457 insidiis
1253 2395 1366 2476 erepti.

166 2481 295 2546 mundo
324 2481 400 2543 huic
431 2481 552 2544 mortui
584 2480 699 2543 mundi
731 2480 978 2543 blandimentis.
1010 2481 1181 2543 inlecebris
1208 2480 1366 2545 crucifixi.

167 2570 287 2632 remoti
315 2588 336 2630 a
362 2568 490 2631 cunctis
514 2566 676 2629 malorum
693 2566 958 2649 implicamentis.
975 2568 1093 2630 remoti
1109 2587 1129 2629 a
1143 2568 1366 2630 saecularibus

167 2657 308 2739 pompis.
336 2655 454 2717 remoti
492 2674 511 2716 a
549 2655 660 2735 prauis
689 2653 975 2717 delectationibus.
1006 2655 1124 2716 remoti
1155 2675 1174 2716 a
1205 2655 1367 2737 presentis

163 2740 271 2821 luitae
286 2742 448 2822 contagiis
465 2740 583 2803 remoti
599 2741 643 2802 ab
658 2740 813 2803 omnibus
830 2759 1007 2822 prauorum
1019 2741 1214 2803 retinaculis.
1228 2739 1283 2822 [fo.
1294 2741 1366 2804 206.

169 2829 289 2892 remoti
304 2848 325 2890 a
339 2828 467 2891 cunctis
483 2828 609 2908 antiqui
626 2823 731 2889 hostis
743 2827 879 2890 insidiis
925 2828 1019 2890 Doce
1031 2848 1088 2890 eos
1104 2828 1240 2889 domine
1255 2828 1369 2890 omnia

166 2915 265 2978 huius
280 2916 370 2977 uitae
385 2924 621 2995 contempnere
643 2933 809 2996 prospera.
834 2933 900 2976 non
924 2914 1042 2976 timere
1064 2915 1212 2977 aduersa.
1234 2914 1368 2976 iniurias

167 3022 238 3065 non
263 3001 388 3064 inferre.
413 3002 472 3063 sed
498 3001 739 3082 aequanimiter
769 3000 916 3062 tolerare.
952 3001 1101 3063 inimicos
1132 3001 1276 3082 diligere.
1308 3021 1369 3082 pro

159 3088 444 3171 ‚persequentibus
468 3097 503 3150 et
529 3087 832 3169 calumpniantibus
858 3086 1051 3169 suppliciter
1074 3108 1220 3150 exorare.
1276 3087 1368 3149 Nihil

168 3175 405 3257 concupiscere
434 3172 610 3236 carnaliter
646 3183 704 3236 aut
730 3172 864 3236 ambire.
896 3193 962 3236 non
994 3174 1210 3256 superborum
1242 3174 1369 3236 iniuriis

171 3261 305 3343 fatigati
328 3260 492 3323 deficiant.
516 3280 581 3322 non
607 3279 664 3322 eos
687 3259 842 3342 superbia
857 3259 957 3322 inflet.
1004 3261 1081 3322 Non
1098 3262 1196 3323 ardor
1211 3262 1370 3323 auaritiae

168 3350 364 3411 inflammet.
425 3346 501 3409 Non
529 3366 616 3408 uana
641 3346 745 3428 gloria
771 3347 912 3429 turpiter
936 3346 1043 3411 iactet.
1099 3347 1175 3410 Non
1203 3347 1281 3428 gula
1312 3357 1369 3410 aut

165 3434 313 3498 ebrietas
329 3432 530 3516 praepediat.
578 3432 654 3495 Non
671 3433 810 3496 ambitio
826 3434 1030 3515 praecipitet.
1047 3453 1114 3495 non
1131 3435 1229 3496 ardor
1243 3435 1370 3496 animo-

172 3542 212 3585 se
236 3521 458 3584 contentionis
481 3521 660 3583 examinet.
686 3540 753 3583 non
784 3519 984 3584 desiderium
1009 3520 1175 3582 humanae
1205 3521 1371 3602 opinionis

166 3607 289 3671 eleuet
316 3627 383 3670 non
403 3605 557 3669 diabolus
581 3615 697 3669 auctor
721 3607 915 3688 perditionis
941 3607 1032 3670 ledat
1055 3617 1113 3669 aut
1131 3609 1256 3688 perdat.
1303 3608 1371 3670 Sed

169 3707 253 3758 tuae
268 3694 402 3776 pietatis
417 3695 558 3756 dextera
573 3692 851 3756 clementissimae
867 3693 959 3756 deus.
974 3712 994 3754 a
1007 3694 1134 3756 cunctis
1150 3704 1244 3756 eruat
1267 3694 1371 3756 malis.

171 3801 298 3862 eosque
314 3781 346 3843 in
363 3781 528 3862 praesenti
545 3790 579 3842 et
595 3780 628 3841 in
645 3780 755 3842 futuro
770 3780 902 3842 saeculo
918 3788 1073 3861 protegat
1088 3791 1189 3862 atque
1201 3781 1371 3861 gubernet.

168 3876 212 3931 ut
238 3876 272 3929 te
298 3868 438 3929 timeant
463 3867 634 3928 imitentur
658 3877 692 3928 et
708 3866 857 3948 diligant.
884 3867 974 3948 aperi
998 3867 1045 3929 eis
1072 3887 1187 3929 sensus
1212 3877 1248 3929 ut
1274 3869 1306 3929 in
1323 3868 1373 3930 di-

170 3954 327 4018 uinarum
343 3953 462 4016 studiis
478 3953 661 4016 litterarum
678 3963 711 4016 te
727 3953 868 4035 diligant
884 3954 982 4015 corde
999 3963 1032 4017 et
1048 3973 1147 4034 opere
1163 3955 1372 4016 meditentur.

168 4050 210 4104 et
234 4040 403 4103 intellectu
428 4041 482 4103 die
509 4048 676 4122 noctuque
702 4050 834 4103 seruent
857 4039 1014 4102 caelestia
1029 4048 1062 4102 et
1084 4050 1220 4102 aeterna
1242 4041 1374 4120 sapiant

167 4141 305 4192 terrena
319 4137 357 4188 ut
373 4138 529 4208 respuant
545 4138 579 4190 et
595 4127 728 4189 caduca.
774 4125 1001 4191 Oboedientes
1017 4127 1091 4189 sint
1108 4137 1141 4188 et
1157 4128 1239 4189 alios
1256 4128 1375 4189 instru-

169 4224 243 4279 ant.
260 4214 386 4275 amicos
402 4223 436 4276 et
452 4213 602 4275 inimicos
618 4232 678 4294 pro
694 4213 741 4277 tui
759 4213 902 4275 nominis
918 4233 1031 4275 amore
1046 4224 1160 4276 ament
1175 4224 1209 4275 et
1224 4213 1373 4294 diligant.

172 4300 417 4366 Humilitatem
441 4315 476 4363 et
500 4299 691 4363 uirilitatem
716 4309 853 4363 teneant
878 4319 983 4381 aeque
1013 4310 1047 4364 et
1076 4310 1255 4363 exerceant
1278 4301 1374 4362 casti·

602 4455 613 4539 ξ
628 4459 817 4577 &mmm
830 4460 917 4575 Mile

602 4540 613 4557 '
667 4541 720 4576 HOC
785 4542 866 4576 Oufm
916 4542 936 4577 C·
