3046 5092
496 282 546 333 IN
568 281 656 333 Nar.
691 280 809 333 UNIUS
838 279 1016 331 UIRGINIS.

686 456 829 522 Semta.

199 569 339 633 Hostias
360 571 422 633 tibi
437 570 574 647 domine
593 571 713 632 beatae
740 570 786 633 ill.
803 570 959 650 martyris
983 579 1060 633 tuae
1084 569 1217 635 dicatas
1241 569 1364 633 meritis

153 657 317 736 benignus
331 677 474 720 assume.
489 668 524 720 et
539 658 582 719 ad
607 667 805 740 perpetuum
821 656 918 720 nobis
941 658 1050 721 tribue
1065 657 1246 740 prouenire
1261 656 1365 721 subsi-

154 743 256 806 dium.
272 764 339 825 per.

611 875 643 937 Α
647 875 674 937 d
684 875 911 957 complendum.

198 986 373 1049 Adiuuent
388 1007 450 1049 nos
465 1007 646 1069 quesumus
662 987 799 1051 domine
813 998 847 1051 et
869 986 952 1050 haec
969 990 1129 1070 mysteria
1145 999 1266 1053 sancta
1281 1010 1361 1072 quae

154 1074 366 1155 sumpsimus.
391 1083 425 1136 et
458 1074 577 1136 beatae
605 1075 650 1137 ill.
678 1077 836 1156 martyre¹
854 1076 1045 1139 intercessio
1080 1078 1284 1140 ueneranda.
1308 1098 1362 1161 per

155 1161 329 1223 dominum
346 1172 506 1223 nostrum.

651 1395 745 1457 lrasr
770 1394 876 1458 Arra

200 1520 427 1603 Omnipotens
453 1520 656 1601 sempiterne
679 1520 761 1582 deus
786 1520 830 1582 da
855 1519 951 1583 nobis
977 1518 1009 1580 in
1035 1517 1221 1580 festiuitate
1250 1516 1361 1579 beatae

157 1607 203 1671 ill.
228 1609 367 1690 uirginis
390 1627 537 1689 congrua
552 1608 733 1669 deuotione
756 1608 902 1688 gaudere
925 1616 961 1669 ut
983 1602 1045 1678 adl
1059 1605 1251 1686 potentiam
1276 1614 1361 1666 tuam

158 1696 191 1757 in
221 1696 292 1756 eius
329 1695 468 1757 transitu
509 1693 690 1755 laudemus.
721 1704 756 1756 et
794 1695 963 1776 prouisum
998 1692 1095 1756 nobis
1133 1692 1360 1774 percipiamus.

158 1781 329 1845 auxilium.
346 1802 405 1863 per
419 1781 592 1844 dominum
617 1791 777 1844 nostrum.

697 1916 833 1980 Secreta.

202 2029 384 2094 Offerimus
407 2029 543 2092 domine
565 2049 700 2111 praeces
726 2041 760 2092 et
785 2049 921 2092 munera
946 2030 977 2091 in
1011 2028 1137 2090 honore
1160 2037 1298 2090 sanctae
1319 2025 1362 2088 ill.

159 2117 353 2199 gaudentes.
385 2127 517 2198 praesta
546 2137 734 2198 quesumus.
762 2128 798 2179 ut
826 2117 1060 2179 conuenienter
1090 2115 1174 2177 haec
1205 2134 1304 2197 agere
1330 2121 1361 2175 et

160 2204 343 2266 remedium
381 2205 620 2286 sempiternum
663 2204 834 2267 ualeamus
872 2204 1052 2284 adquirere.
1095 2222 1156 2283 per
1193 2203 1360 2265 dominum

160 2299 318 2353 nostrum.

675 2429 856 2507 Praefatio.

206 2542 254 2603 (D
287 2551 419 2602 aeterne
450 2543 538 2603 deus.
600 2542 725 2603 Beatae
758 2542 803 2602 ill.
840 2540 994 2601 natalicia
1026 2538 1219 2599 recolentes
1282 2537 1360 2601 l'ere

162 2628 250 2690 enim
274 2628 371 2689 huius
395 2628 608 2689 honorandus
635 2641 685 2690 est
711 2630 789 2689 dies.
814 2649 899 2708 quae
926 2629 972 2688 sic
998 2638 1127 2688 terrena
1153 2626 1360 2706 generatione

163 2716 330 2797 processit.
347 2727 382 2777 ut
400 2717 441 2776 ad
460 2716 643 2776 diuinitatis
659 2717 861 2777 consortium
880 2716 1073 2794 perueniret.
1091 2733 1150 2794 per
1167 2712 1333 2774 christum.

616 2869 646 2929 Α
651 2869 678 2929 d
688 2870 910 2947 corripierrdurrr.

208 2982 379 3043 Adiuuent
397 3002 456 3042 nos
472 3001 651 3060 quesumus
668 2981 803 3041 domine
819 2992 851 3041 et
875 2980 957 3041 haec
975 2978 1134 3058 mysteria
1150 2988 1269 3040 sancta
1284 2995 1360 3058 quae

162 3069 372 3149 sumpsimus.
389 3077 422 3130 et
439 3067 564 3130 beatae.
581 3069 625 3130 ill.
643 3069 832 3129 intercessio
849 3068 1046 3129 ueneranda.
1063 3086 1129 3147 per.

653 3295 747 3355 limi
773 3294 878 3357 Arm.

208 3424 332 3486 Sancta
359 3432 416 3484 tua
440 3423 582 3483 domine.
610 3423 654 3484 ill.
688 3444 748 3485 nos
783 3445 841 3485 sua
878 3425 1119 3485 interuentione
1146 3423 1308 3486 laetificet.
1332 3430 1358 3482 et

165 3510 220 3591 pia
238 3510 334 3570 saciat
351 3510 598 3589 sollempnitate
615 3513 767 3591 gaudere.
786 3533 843 3592 per
858 3513 1040 3573 dominum.

696 3648 834 3709 Secreta.

208 3758 375 3841 (Accepta
391 3760 433 3820 sit
450 3759 482 3820 in
498 3769 678 3841 conspectu
697 3771 755 3821 tuo
771 3763 908 3823 domine
931 3773 1043 3822 nostra
1059 3760 1205 3822 deuotio.
1224 3760 1281 3840 [io.
1302 3774 1359 3836 172.

165 3849 283 3909 eteius
301 3847 395 3907 nobis
412 3845 469 3907 fiat
485 3848 727 3928 supplicatione
743 3849 904 3910 salutaris.
922 3868 981 3929 pro
1005 3849 1096 3909 cuius
1120 3847 1360 3929 sollempnitate

165 3934 318 3996 defertur.
337 3954 395 4015 per
411 3934 595 3995 dominum.

621 4072 680 4134 Ad
691 4073 916 4153 corrrplendrrm.

210 4181 398 4264 Quesumus
432 4183 566 4245 domine
604 4184 802 4246 salutaribus
840 4185 955 4266 repleti
995 4184 1161 4264 mysteriis
1203 4194 1239 4246 ut
1280 4185 1363 4247 cuius

164 4270 363 4352 sollempnia
377 4270 611 4333 caelebramus
628 4274 697 4333 eius
713 4272 918 4333 orationibus
934 4272 1137 4333 adiuuenrur.
1155 4292 1224 4352 per.

651 4447 659 4478 ¹
678 4450 727 4498 For
739 4458 872 4513 nrartyrac.
