3046 5092
154 313 201 376 146
479 310 695 363 ORATIONES
723 306 1041 363 UESPBRTIHALES.

708 483 801 548 Aleia.

196 598 247 662 Te
263 598 371 662 lucem
394 616 507 660 ueram
531 605 567 659 et
590 594 672 659 lucis
698 605 867 660 auctorem
892 595 1029 660 domine
1054 595 1304 679 depraecamur.
1319 604 1357 660 ut

153 685 299 769 digneris
322 703 343 748 a
367 683 464 747 nobis
487 683 641 747 tenebras
667 682 834 766 depellere
859 682 1014 747 uitiorum
1040 694 1076 747 et
1099 680 1282 747 clarificare
1296 702 1357 747 nos

154 774 227 837 luce
242 772 411 836 uirtutum.
427 789 494 853 per.

711 921 802 985 Alia.

197 1034 298 1118 Auge
328 1035 361 1098 in
392 1034 489 1098 nobis
518 1034 654 1098 domine
681 1052 863 1117 quesumus
893 1032 993 1097 fidem
1031 1042 1126 1098 tuam
1155 1040 1192 1097 et
1222 1030 1356 1115 spiritus

153 1123 259 1186 sancti
275 1121 383 1186 lucem
400 1121 433 1184 in
450 1121 546 1185 nobis
561 1139 694 1203 semper
707 1120 860 1185 accende.
877 1140 943 1203 per.

707 1255 800 1319 Alia.

198 1367 291 1431 Deus
306 1366 363 1449 qui
378 1365 533 1430 tenebras
556 1366 763 1449 ignorantiae
787 1366 879 1431 uerbi
894 1366 943 1430 tui
959 1365 1032 1430 luce
1054 1362 1205 1449 depellis.
1220 1382 1309 1448 auge
1323 1363 1354 1427 in

153 1453 308 1519 cordibus
335 1453 465 1517 nostris.
481 1453 640 1518 uirtutem
665 1472 767 1536 quam
793 1453 924 1520 dedisti.
947 1461 984 1518 ut
1010 1452 1097 1535 ignis
1122 1470 1225 1534 quem
1250 1450 1356 1534 gratia

153 1550 212 1606 tua
227 1540 305 1605 iecit
320 1539 468 1605 accendi.
483 1540 582 1604 nullis
596 1540 877 1624 temptationibus
892 1540 997 1623 possit
1012 1539 1176 1622 extingui.
1191 1558 1260 1622 per.

471 1724 692 1792 Ounmouns
717 1724 1039 1791 Unsruurmanns.

197 1837 334 1903 Oriatur
353 1836 496 1900 domine·
514 1836 726 1901 nascentibus
749 1835 894 1901 tenebris
917 1854 1036 1899 aurora
1059 1835 1216 1899 iustitiae.
1230 1842 1270 1898 ut
1284 1854 1353 1917 per·

154 1934 230 1989 acto
244 1925 300 1988 die
315 1923 375 1988 tibi
398 1923 592 2007 suppliciter
617 1923 741 2006 gratias
765 1931 911 2006 agentes.
935 1923 1035 1987 etiam
1063 1941 1163 1985 mane
1177 1922 1354 2005 dignanter

156 2011 310 2095 respicias
326 2019 406 2074 uota
420 2011 597 2075 soluentes
613 2030 680 2093 per.

709 2143 801 2207 ΑΙὶα.

198 2256 292 2320 Tuus
328 2265 380 2319 est
416 2255 488 2330 dies
520 2255 657 2319 domine
695 2264 728 2319 et
765 2264 824 2319 tua
856 2264 909 2319 est
946 2273 1025 2319 nox.
1062 2255 1213 2319 concede
1249 2254 1346 2319 solem

154 2344 299 2408 iustitiae
324 2361 518 2425 permanere
542 2342 575 2405 in
602 2341 757 2406 cordibus
783 2341 904 2406 nostris
918 2341 963 2405 ad
978 2339 1189 2424 repellendas
1203 2342 1346 2407 tenebras

155 2430 399 2514 cogitationum
415 2429 612 2511 iniquamm.
629 2448 696 2511 per.

710 2568 802 2630 Alia.

200 2678 331 2743 Gratias
347 2677 477 2759 agimus
493 2678 552 2741 tibi
568 2678 703 2742 domine
727 2679 882 2742 custoditi
899 2699 957 2761 per
972 2679 1070 2741 diem.
1086 2689 1198 2761 grates
1221 2679 1279 2742 tibi
1295 2699 1341 2741 ex·

156 2765 317 2828 soluimus
341 2762 483 2827 custodi¹
516 2786 574 2847 per
609 2777 749 2829 noctem.
776 2776 985 2849 repraesenta
1009 2786 1192 2847 quesumus
1221 2766 1339 2829 domine

157 2853 328 2915 matutinis
344 2852 432 2914 horis
442 2852 631 2915 incolomes,
643 2863 680 2916 ut
691 2873 750 2916 nos
761 2854 851 2916 omni
863 2863 1012 2935 tempore
1023 2852 1148 2915 habeas
1159 2853 1337 2916 laudatores.

156 2961 222 3023 per.

711 3076 802 3138 Alia.

200 3186 439 3271 [Omnipotens
466 3186 666 3268 sempiterne
691 3189 772 3251 deus
797 3207 932 3269 uespere
956 3196 990 3248 et
1017 3206 1115 3249 mane
1143 3197 1176 3250 et
1192 3187 1247 3270 [sn.
1267 3203 1338 3264 104v.

158 3275 294 3338 meridie
318 3275 525 3336 maiestatem
551 3284 642 3336 tuam
670 3275 863 3357 suppliciter
885 3275 1132 3355 depraecamur.
1149 3285 1186 3338 ut
1209 3273 1341 3357 expulsis

158 3364 200 3425 de
222 3359 376 3423 cordibus
399 3361 519 3423 nostris
535 3372 745 3442 peccatorum
762 3358 932 3435 tenebras†
947 3361 988 3422 ad
1009 3380 1122 3422 ueram
1140 3361 1248 3424 lucem
1271 3379 1341 3443 quae

158 3449 299 3512 christus
315 3459 365 3510 est
381 3467 441 3510 nos
458 3447 558 3510 facias
574 3449 753 3530 peruenire.
770 3469 837 3530 per.

714 3587 803 3650 Alia.

204 3698 403 3780 Uespertine
442 3698 548 3761 laudis
593 3699 700 3762 officia
745 3697 971 3781 persoluentes
1016 3692 1227 3757 clementiam
1265 3703 1348 3756 tuam

158 3785 294 3848 domine
331 3785 448 3847 humili
486 3806 604 3867 praece
641 3786 861 3868 deposcimus.
899 3793 935 3845 ut
973 3781 1126 3843 nocturni
1158 3780 1350 3844 insidiatoris

159 3871 301 3946 sraudis†
316 3882 349 3935 te
366 3883 564 3955 protegente
579 3873 759 3935 uincamus.
776 3892 835 3954 per
850 3865 1031 3934 dominum.

712 4005 803 4069 Alia.

204 4117 386 4199 Propitiare
409 4117 544 4180 domine
571 4119 768 4201 uespertinis
791 4113 1089 4198 supplicationibus
1113 4110 1240 4174 nostris.
1257 4118 1292 4173 et
1307 4110 1355 4171 fac

159 4223 219 4265 nos
246 4205 316 4267 sine
348 4204 417 4267 ullo
451 4215 543 4269 reatu
577 4206 750 4269 matutinis
781 4204 842 4267 tibi
873 4201 1026 4265 laudibus
1057 4197 1267 4282 praesentari.
1301 4215 1356 4279 per

157 4290 330 4355 dominum
348 4295 520 4356 nostrum.²

383 4414 391 4447 ¹
411 4416 460 4464 For
471 4416 593 4465 custoditi.

382 4480 393 4515 ²
410 4481 465 4530 The
477 4482 552 4531 lower
562 4481 617 4531 hall
626 4481 654 4532 oi
662 4481 706 4533 the
717 4497 788 4532 verso
798 4479 827 4530 oi
834 4478 878 4531 iol.
895 4491 941 4541 104
951 4477 973 4527 is
984 4476 1069 4526 blank.
