3046 5092
180 263 227 300 100
485 253 539 302 AD
563 251 844 302 BAPTIZANDUM
861 251 1070 304 mmmmm

180 420 255 462 cum
274 401 401 464 uenerit
426 402 580 464 dominus
605 401 647 464 ad
673 402 806 483 nuptias
831 402 939 484 possis
963 422 1134 466 occurrere
1160 403 1189 466 ei
1213 424 1379 469 unacum

181 489 303 550 sanctis
327 489 359 550 in
382 489 458 551 aula
480 486 648 561 caelestis't
663 489 695 550 in
712 489 817 551 uitam
833 499 1011 552 aeternam.
1029 510 1089 572 per
1109 493 1222 554 omnia
1244 492 1379 556 saecula

181 575 396 638 saeculorum.
441 596 548 638 amen.

222 660 271 723 Et
283 662 316 723 sc'
326 662 485 743 episcopus
500 663 592 723 adest
603 661 717 724 statim
740 662 933 744 confirmari
954 683 1026 724 cum
1053 673 1173 744 oportet
1195 664 1377 730 chnkncatc.

177 756 209 809 ct
224 758 334 827 postca
359 769 594 810 commumcarc
618 758 650 811 et
671 746 696 828 [¹
962 749 1244 831 ]communicctur
1267 765 1379 835 corpus

175 843 207 895 ct
219 833 408 914 saccgzccnisl
427 836 555 897 dommi
566 857 587 896 a
596 834 773 915 presbetero
789 836 838 897 cta
860 834 990 908 dr‘ccns†.

219 920 350 1002 Corpus
367 933 399 984 et
415 923 549 1003 sanguis
576 922 701 984 domini
730 923 833 985 nostri
865 923 934 984 iesu
961 923 1073 987 christi
1099 925 1267 989 custodiat
1283 935 1317 989 te
1341 928 1373 990 in

175 1008 279 1071 uitam
304 1018 481 1072 aeternam.
527 1029 636 1078 amen.

584 1149 680 1235 [Post
693 1150 951 1213 communionem.
1254 1153 1311 1236 [fo.
1327 1158 1371 1235 69

218 1251 440 1334 Omnipotens
456 1255 656 1335 sempiterne
671 1255 753 1316 deus
769 1254 824 1333 qui
842 1274 1034 1334 regenerare
1051 1255 1208 1336 dignatus
1230 1277 1266 1318 es
1289 1258 1377 1322 hunc

173 1338 333 1403 famulum
350 1349 444 1404 tuum
470 1340 513 1403 ill.
530 1362 574 1402 ex
600 1361 686 1421 aqua
712 1348 746 1402 et
770 1341 885 1422 spiritu
911 1351 1036 1404 sancto.
1052 1343 1175 1423 quique
1200 1343 1322 1407 dedisti
1347 1346 1377 1408 ei

172 1427 397 1489 remissionem
415 1429 563 1489 omnium
581 1435 800 1508 peccatorum.
817 1427 924 1489 tribue
939 1429 967 1489 ei
985 1430 1163 1492 sanitatem
1180 1432 1374 1496 continuam

171 1513 212 1574 ad
244 1515 509 1595 cognoscendam
541 1513 763 1577 uniuersitatis
792 1523 870 1576 tuae
899 1515 1081 1578 ueritatem.
1112 1536 1172 1597 per
1200 1518 1376 1582 dominum

169 1610 327 1665 nostrum.

395 1782 543 1847 ORATIO
565 1796 616 1845 AD
640 1795 908 1844 BAPTIZANDUM
932 1796 1138 1846 INFIRMUM.

213 1898 380 1962 Medelam
411 1908 503 1962 tuam
531 1899 690 1980 deprecor
719 1897 854 1960 domine
878 1907 1013 1961 sanctae
1043 1910 1138 1981 pater
1160 1902 1373 1984 omnipotens

167 1996 299 2049 aeterne
315 1987 396 2049 deus
412 1987 467 2067 qui
484 1985 640 2048 subuenis
656 1985 688 2046 in
705 1983 857 2065 periculis
880 1986 935 2065 qui
952 1994 1118 2067 temperas
1142 1986 1274 2069 flagella
1290 1992 1370 2053 dum

165 2073 325 2135 uerberas.
385 2072 435 2136 Te
465 2093 545 2153 ergo
574 2073 709 2134 domine
739 2069 904 2152 supplices
934 2071 1178 2153 depraecamur.
1209 2084 1247 2137 ut
1284 2076 1373 2140 hunc

165 2157 326 2222 famulum
353 2175 446 2222 tuum
476 2160 520 2221 ill.
545 2179 640 2220 eruas
666 2158 709 2219 ab
735 2155 797 2219 hac
814 2156 1032 2221 inualitudine
1057 2169 1177 2222 utnon
1200 2162 1372 2242 preualeat

165 2247 316 2309 inimicus
340 2266 444 2326 usque
470 2247 512 2308 ad
538 2246 639 2308 animi
667 2245 929 2325 temptationem.
946 2246 1030 2308 sicut
1054 2247 1086 2308 in
1112 2247 1168 2309 iob
1190 2251 1372 2314 terminum

164 2335 194 2396 ei
211 2353 305 2415 pone.
318 2352 360 2396 ne
376 2333 526 2394 inimicus
542 2332 584 2394 de
600 2333 712 2393 anima
734 2332 797 2393 ista
820 2331 890 2393 sine
906 2331 1135 2413 redemptione
1157 2333 1373 2416 baptismatis

164 2421 299 2502 incipiat
329 2420 540 2501 triumphare.
587 2417 693 2480 Differ
718 2417 852 2480 domine
879 2419 1007 2481 exitum
1037 2421 1152 2482 mortis
1167 2430 1201 2485 et
1223 2425 1372 2502 spatium

164 2508 252 2569 uitae
268 2509 420 2569 extende.
439 2506 555 2568 releua.
572 2525 670 2586 quem
688 2506 849 2585 perducas
859 2506 900 2566 ad
918 2506 1058 2586 gratiam
1072 2506 1228 2588 baptismi
1242 2510 1299 2572 tui.
1314 2533 1375 2593 per

162 2596 342 2656 dominum.

222 2730 404 2793 Bccccdr'clio
419 2750 500 2809 aque
515 2729 562 2790 ad
574 2728 802 2808 baplc‘aandum
819 2726 996 2808 infimum.
1043 2727 1221 2809 Postquam
1236 2753 1312 2795 eum

358 2816 582 2879 calccicucccrrs
597 2816 752 2877 benedices
767 2836 886 2894 aquam
901 2813 984 2876 hoccc
997 2813 1049 2877 lcis
1064 2817 1177 2881 rccrbc's.

210 2931 373 2993 Exercizo
404 2940 437 2991 te
467 2938 615 2990 creatura
645 2947 751 3007 aquae
778 2928 810 2988 in
838 2928 972 2988 nomine
1003 2927 1128 2989 domini
1161 2932 1264 2992 nostri
1298 2933 1370 2997 iesu

163 3016 274 3079 christi
292 3017 347 3079 filii
365 3018 417 3078 dei
445 3025 478 3077 et
494 3015 597 3076 sancti
626 3015 766 3113 spiritus.
779 3015 805 3074 si
822 3015 910 3094 quod
938 3014 1144 3094 phantasma.
1162 3017 1188 3077 si
1213 3037 1281 3097 qua
1304 3023 1370 3083 uir-

162 3116 215 3166 tus
232 3105 362 3165 inimici
380 3104 405 3164 si
433 3123 499 3184 qua
525 3102 665 3162 incursio
689 3101 811 3162 diaboli
835 3101 1001 3163 eradicare
1025 3111 1057 3163 et
1081 3101 1226 3181 effugare
1243 3105 1288 3167 ab
1304 3107 1371 3172 hac

160 3201 248 3252 creat
252 3212 308 3252 ura
321 3211 433 3271 aquae
446 3199 481 3251 ut
496 3188 552 3250 fiat
563 3188 636 3250 sons
649 3188 786 3249 saliens
779 3208 809 3248 1n
822 3189 869 3248 uit
871 3209 925 3249 am
939 3199 1115 3250 aeternam
1141 3191 1273 3253 Etcum
1285 3193 1372 3276 bap-

158 3279 279 3339 tizatus
297 3277 390 3338 suerit
407 3277 458 3337 hic
472 3275 614 3337 famulus
630 3275 755 3337 domini
780 3273 836 3335 fiat
859 3274 1020 3354 templum
1037 3276 1138 3337 dei
1108 3278 1181 3338 uiui
1200 3278 1232 3339 in
1252 3283 1371 3344 remis-

158 3364 286 3425 sionem
298 3365 444 3424 omniurn
464 3372 577 3443 peccat
580 3382 682 3424 orum.
694 3363 725 3421 in
737 3361 870 3422 nomine
885 3362 1011 3423 domini
1029 3365 1130 3424 nostri
1156 3365 1224 3426 iesu
1243 3366 1370 3432 christi.

156 3451 212 3530 qui
229 3461 386 3512 uenturus
402 3460 459 3511 est.

202 3536 374 3616 llBaptt'cas
387 3548 418 3597 ct
432 3537 511 3597 linis
525 3557 596 3597 cum
612 3535 650 3596 dc
665 3533 822 3606 clerc'smcd
838 3534 872 3596 in
888 3535 1016 3597 cerebra.
1214 3537 1272 3619 [so.
1290 3543 1368 3623 69v,

203 3624 342 3704 Baptizo
358 3633 390 3684 te
408 3625 439 3684 in
457 3625 590 3684 nomine
608 3622 708 3703 patris
725 3631 758 3683 et
771 3621 827 3683 filii
844 3631 877 3684 et
893 3623 1026 3702 spiritus
1042 3624 1156 3685 sancti.

199 3710 315 3773 Postea
333 3711 441 3788 tangis
455 3730 526 3771 cum
542 3711 579 3772 de
594 3707 751 3780 chrismal
766 3710 801 3770 in
816 3719 916 3787 caput.

204 3798 294 3859 Deus
325 3798 536 3876 omnipotens
567 3808 661 3878 pater
691 3797 817 3859 domini
849 3796 951 3857 nostri
983 3796 1050 3857 iesu
1086 3797 1198 3860 christi
1230 3802 1289 3881 qui
1335 3815 1369 3868 te

154 3885 368 3964 regenerauit.
386 3894 542 3963 utsupra.

197 3973 314 4033 Postea
328 3972 543 4033 communicas
558 3991 628 4031 cum
644 3980 676 4032 ct
688 3969 770 4032 dicis
784 3968 959 4030 orationem
974 3967 1063 4031 hanc.

199 4058 421 4139 Omnipotens
447 4058 646 4139 sempiterne
673 4059 762 4120 deus.
788 4057 843 4138 qui
871 4076 1064 4137 regenerare
1089 4058 1249 4139 dignatus
1264 4082 1312 4126 es,
1330 4077 1368 4128 ut

149 4157 257 4226 supra.

188 4370 296 4418 'About
309 4368 364 4418 half
377 4385 391 4416 a
403 4368 453 4416 line
464 4368 493 4415 of
507 4368 548 4417 the
558 4368 662 4417 rubnc
656 4385 676 4417 rs
693 4385 749 4418 now
766 4368 834 4432 quite
852 4368 967 4433 illegible.
1006 4369 1131 4434 Probabl)
1143 4371 1186 4421 the
1199 4374 1286 4424 words
1298 4393 1364 4427 were

154 4439 172 4464 ‘⁸
186 4437 212 4484 si
225 4436 356 4499 episcopus
368 4450 483 4499 praesens
495 4451 545 4483 non
557 4433 657 4483 suerit.”
1116 4452 1121 4480 ι
