3046 5092
412 350 529 401 naar).
556 351 611 401 111.
644 351 781 413 Quane.
814 350 993 402 sanam.
1272 362 1304 416 75

104 504 242 569 muliere
267 504 469 568 samaritana
494 524 601 586 aquae
626 503 688 566 sibi
713 504 808 587 petiit
829 503 951 586 porrigi
978 513 1104 586 potum.
1127 505 1183 587 qui
1208 506 1304 569 inea

103 603 273 655 creauerat
296 590 372 655 fidei
397 591 531 654 donum.
551 599 585 653 et
609 590 656 654 ita
682 592 751 653 eius
775 591 865 654 sitire
888 590 1044 672 dignatus
1067 602 1117 654 est
1140 591 1249 655 tidem.
1266 603 1302 655 ut

102 680 184 742 dum
201 679 244 742 ab
259 699 299 741 ea
314 698 435 760 aquam
451 687 587 760 peteret.
604 678 636 739 in
652 697 692 739 ea
708 679 819 760 ignem
842 678 945 741 diuini
962 678 1083 741 amoris
1099 680 1301 742 accenderet

106 766 329 848 imploramus
357 766 469 846 itaque
493 774 585 827 tuam
611 764 808 827 immensam
835 764 1056 828 clementiam.
1072 774 1109 828 ut
1131 776 1303 849 contemp·

103 863 221 915 nentes
236 851 447 915 tenebrosam
463 850 724 932 profunditatem
747 852 903 914 uitiorum
919 861 952 913 et
969 851 1190 932 relinquentes
1207 854 1302 915 noxi-

100 959 197 1001 arum
212 939 367 1020 hydriam
382 938 612 1020 cupiditatum.
621 948 657 1000 et
672 948 705 1001 te
720 939 776 1019 qui
794 937 867 999 sons
882 939 971 999 uitae
986 948 1019 1000 et
1035 940 1128 1020 origo
1144 938 1302 1002 bonitatis

101 1045 139 1087 es
160 1045 293 1107 semper
314 1025 468 1087 sitiamus
491 1035 526 1088 et
551 1025 748 1087 ieiuniorum
774 1035 962 1087 nostrorum
988 1025 1221 1088 obseruatione
1242 1025 1302 1089 tibi

104 1111 303 1194 placeamus
319 1129 503 1194 perquem

560 1248 591 1311 Α
595 1249 623 1311 d
632 1249 857 1330 complendum.

150 1359 260 1423 Huius
276 1380 337 1424 nos
352 1360 487 1424 domine
509 1362 678 1443 perceptio
702 1360 899 1425 sacramenti
928 1362 1066 1426 mundet
1083 1383 1103 1424 a
1117 1363 1254 1425 crimine
1270 1372 1304 1426 et

103 1447 147 1510 ad
163 1447 319 1511 caelestia
335 1468 436 1530 regna
451 1449 619 1531 perducat.
635 1468 701 1530 per.

582 1605 689 1687 Super
694 1605 857 1688 populum.

149 1718 285 1781 Praesta
299 1738 480 1801 quesumus
496 1719 709 1801 omnipotens
724 1719 806 1781 deus
829 1730 866 1783 ut
888 1719 944 1801 qui
970 1719 1001 1782 in
1026 1728 1083 1781 tua
1098 1720 1304 1802 protectione

103 1803 311 1954 confiddimus.
339 1815 458 1869 cuncta
488 1805 584 1869 nobis
610 1805 823 1869 aduersantia
852 1816 886 1870 te
912 1807 1092 1870 adiuuante
1123 1807 1304 1870 uincamus

103 1911 163 1974 per
202 1912 365 1956 ominum.

618 2090 800 2156 Sananro.

148 2229 285 2293 Praesta
314 2250 494 2312 quesumus
526 2230 739 2312 omnipotens
773 2230 855 2292 deus
893 2240 929 2293 ut
966 2229 1022 2312 qui
1061 2248 1096 2290 se
1126 2227 1306 2313 affligendo

101 2335 237 2379 carnem
268 2317 312 2379 ab
341 2318 510 2380 alimentis
547 2317 724 2379 abstinent.
755 2319 915 2380 sectando
953 2317 1113 2379 iustitiam
1150 2337 1171 2378 a
1207 2318 1305 2399 culpa

102 2403 259 2466 ieiunent„
275 2424 342 2486 per.

626 2527 780 2605 [Secreta.
1182 2530 1238 2613 [so.
1257 2544 1304 2610 51.

147 2653 304 2719 Concede
318 2675 499 2738 quesumus
520 2655 732 2737 omnipotens
758 2655 839 2717 deus
855 2663 891 2716 ut
907 2653 1003 2717 huius
1019 2652 1167 2717 sacrificii
1185 2675 1305 2718 munus

101 2740 265 2805 oblatum.
281 2741 494 2824 fragilitatem
516 2752 664 2805 nostram
689 2740 733 2803 ab
757 2743 847 2803 omni
874 2741 962 2804 malo
985 2752 1104 2824 purget
1126 2762 1257 2824 semper
1271 2754 1305 2805 et

102 2831 242 2892 muniat.
257 2849 325 2911 per.

601 2965 603 2969 ’
616 2955 798 3036 Praefatio.

146 3080 197 3144 ff)
220 3100 281 3162 per
300 3080 459 3145 christum
478 3081 652 3145 domioum
675 3092 835 3145 nostrum.
882 3081 948 3164 Qui
965 3082 1075 3144 ieiunii
1091 3081 1304 3164 quadragesi-

102 3168 200 3229 malis
216 3166 482 3231 obseruationem
500 3170 532 3230 in
550 3189 667 3251 moyse
689 3180 722 3232 et
744 3169 832 3231 helia
847 3169 1016 3232 dedicasti.
1033 3179 1066 3231 et
1083 3169 1114 3230 in
1132 3169 1304 3250 unigenito

101 3251 172 3315 filio
197 3263 257 3317 tuo
281 3252 363 3336 legis
390 3264 423 3318 et
450 3255 685 3338 prophetarum
709 3266 888 3336 nostroque
911 3256 1060 3317 omnium
1086 3256 1224 3318 domino
1246 3275 1306 3317 ex·

101 3341 237 3403 ornasti.
281 3341 391 3404 Tuam
408 3343 507 3423 igitur
517 3345 701 3405 inmensam
715 3341 899 3406 bonitatem
909 3341 1075 3423 supplices
1090 3343 1303 3424 exposcimus

103 3435 141 3489 ut
155 3426 248 3508 quod
263 3427 318 3489 ille
341 3429 408 3510 iugi
433 3430 627 3491 ieiuniorum
654 3429 835 3510 compleuit
855 3429 1105 3491 continuatione
1122 3449 1182 3491 nos
1197 3430 1305 3492 adim·

102 3512 193 3595 plere
223 3513 393 3577 ualeamus
428 3515 513 3578 illius
536 3516 640 3579 adiuti
665 3515 849 3597 largissima
872 3516 1091 3577 miseratione.
1137 3516 1183 3578 Et
1198 3516 1304 3578 adim-

102 3599 233 3681 plentes
256 3620 383 3683 eaque
406 3603 581 3684 praecepit
606 3603 696 3664 dona
718 3603 885 3684 percipere
906 3621 1092 3665 mereamur
1117 3622 1202 3684 quae
1229 3623 1303 3685 pro-

103 3687 202 3749 misit„
217 3706 277 3769 per
290 3706 391 3768 quem
407 3689 624 3752 maiestatem.

559 3833 622 3896 Ad
632 3832 856 3915 complendum.

147 3954 338 4038 Quesumus
353 3958 566 4040 omnipotens
587 3960 669 4022 deus
684 3968 721 4023 ut
737 3959 823 4022 inter
837 3958 907 4021 eius
923 3957 1071 4021 membra
1094 3976 1305 4022 numeremur

99 4044 197 4106 cuius
212 4045 342 4126 corpori
358 4046 643 4108 communicamus
658 4055 692 4109 et
707 4045 868 4128 sanguini.
885 4065 943 4126 per
958 4047 1110 4109 eundem.

566 4206 673 4288 Super
678 4207 842 4289 poprdum.

147 4329 333 4394 Praetende
347 4330 482 4395 domine
500 4331 652 4396 fidelibus
676 4332 741 4394 tuis
766 4332 941 4396 dexteram
959 4329 1109 4394 caelestis
1125 4329 1252 4394 auxilii.
1267 4339 1304 4392 ut

95 4426 135 4481 et
159 4428 193 4481 te
217 4419 414 4482 totocorde
439 4420 640 4502 perquirant.
655 4429 690 4483 et
716 4439 801 4501 quae
827 4418 928 4500 digne
952 4418 1123 4501 postulant
1145 4419 1302 4499 consequi

97 4513 299 4568 mereantur.
315 4525 381 4591 per.
