3046 5092
157 260 190 322 96
450 258 505 307 AD
530 257 574 307 CA
580 258 642 308 TIC
644 259 809 310 UMINUM
828 257 1066 309 FACIENDUM.

159 413 309 478 flectitur.
326 411 517 476 caelestium
534 413 736 476 terrestrium
757 421 791 475 et
809 412 1009 476 infernorum
1027 422 1060 475 te
1082 411 1202 476 inuoco
1224 409 1360 476 domine

160 523 258 584 super
273 501 358 563 hanc
375 499 533 562 famulam
557 501 663 562 tuam1
681 501 860 580 perducere
883 521 956 563 eam
980 510 1014 563 et
1033 501 1199 564 custodire
1213 499 1360 582 digneris

160 589 202 651 ad
219 589 360 670 gratiam
384 587 541 668 baptismi
557 587 615 650 tui.
662 586 753 668 Ergo
770 587 947 665 maledicte
963 597 1001 649 ut
1013 599 1120 669 srqtra.

710 710 801 774 Alia.

203 816 295 878 Deus
311 813 477 876 abraham.
494 813 575 876 deus
599 812 694 877 isaac.
711 814 793 878 deus
816 813 919 878 iacob.
935 815 1017 877 deus
1039 815 1095 896 qui
1112 814 1215 877 tribus
1239 815 1358 879 israhel

159 903 202 966 de
224 902 381 983 aegyptia
404 901 562 963 seruitute
586 899 745 963 liberasti²
768 921 827 982 per
851 922 989 982 moysen
1015 901 1174 964 famulum
1200 912 1295 965 tuum
1316 904 1359 966 de

158 989 309 1051 custodia
333 989 566 1050 mandatorum
589 997 720 1050 tuorum
746 989 778 1050 in
802 989 933 1051 deserto
956 990 1121 1051 monuisti.
1145 1000 1177 1051 et
1200 1009 1358 1052 susanam

157 1077 200 1140 de
231 1076 314 1139 falso
344 1076 479 1136 crimine
507 1074 660 1137 liberasti.
707 1075 757 1137 Te
780 1076 923 1156 supplex
954 1075 1133 1156 depraecor
1154 1076 1291 1138 domine
1321 1087 1358 1139 ut

158 1164 277 1226 liberes
308 1174 341 1224 et
371 1161 456 1223 hanc
487 1160 645 1223 famulam
672 1171 764 1224 tuam
791 1173 824 1225 et
849 1163 1027 1243 perducere
1049 1183 1122 1225 eam
1145 1163 1291 1245 digneris
1314 1164 1356 1226 ad

156 1251 297 1334 gratiam
321 1249 478 1330 baptismi
494 1249 551 1311 tui.
598 1248 687 1330 Ergo
704 1248 889 1327 maledicte.

707 1377 800 1442 Alia.

202 1491 367 1556 Exorcizo
383 1499 416 1552 te
431 1490 592 1553 inmunde
606 1489 740 1571 spiritus
756 1510 814 1572 per
826 1499 954 1571 patrem
978 1490 1130 1554 etlilium
1146 1501 1180 1554 et
1203 1491 1357 1573 spiritum

157 1589 317 1641 sanctum.
335 1586 371 1639 ut
393 1597 496 1638 exeas
511 1585 545 1639 et
569 1577 702 1638 recedas
721 1577 764 1639 ab
786 1576 849 1639 hac
872 1576 995 1639 famula
1011 1579 1073 1640 dei.
1097 1579 1168 1659 ipse
1191 1580 1280 1641 enim
1297 1579 1357 1643 tibi

158 1668 298 1745 imperat
329 1664 506 1739 maledicte
531 1663 722 1744 dampnate.
752 1665 808 1745 qui
839 1664 1034 1746 caecolnato
1065 1665 1179 1726 oculos
1214 1665 1271 1748 [fo.
1305 1667 1357 1729 66.

156 1753 285 1832 aperuit
315 1762 348 1812 et
379 1751 433 1830 qui
466 1750 656 1812 triduanum
687 1749 831 1813 lazarum
861 1752 904 1813 de
934 1762 1151 1814 monumento
1174 1753 1359 1815 suscitauit

159 1840 251 1919 Ergo
267 1837 452 1912 maledicte.

200 1925 252 1988 De
267 1924 400 1987 titolum
423 1924 457 1984 in
480 1932 577 1985 antea
599 1931 667 1984 tam
689 1933 784 2002 super
800 1923 956 1985 ittasculos
976 1944 1075 2004 quam
1097 1935 1194 2007 super
1204 1924 1358 2006 feltrinus

155 2012 336 2094 aequaliter
347 2010 541 2090 conpleatur
545 2010 677 2089 faciens
691 2030 812 2072 crucem
827 2021 923 2091 super
934 2011 1040 2091 capita
1054 2032 1163 2073 eorum
1178 2012 1296 2075 dicens.

200 2099 383 2162 Aeternam
409 2116 452 2158 ‘ac
476 2097 689 2159 iustissimam
715 2098 873 2178 pietatem
898 2106 990 2159 tuam
1014 2098 1195 2179 depraecor
1217 2099 1357 2162 domine

155 2194 290 2249 sanctae
320 2193 415 2266 pater
443 2184 656 2265 omnipotens
685 2194 817 2246 aeterne
842 2184 945 2246 deus³
976 2182 1110 2246 luminis
1140 2195 1174 2248 et
1204 2186 1357 2256 ueritatis

155 2293 254 2355 super
268 2271 355 2334 hunc
372 2270 533 2333 famulum
556 2279 659 2332 tuum.
683 2281 720 2332 ut
741 2270 887 2350 digneris
909 2290 984 2333 eum
1009 2271 1206 2334 inluminare
1229 2272 1357 2335 lumine

155 2359 400 2440 intellegentiae
423 2368 499 2419 tuae
527 2357 651 2420 munda
680 2376 755 2419 eum
779 2368 812 2419 et
842 2356 1019 2420 sanctifica.
1046 2359 1089 2420 da
1120 2358 1149 2420 ei
1179 2360 1356 2422 scientiam
1397 2435 1400 2441 Ι

156 2467 277 2510 ueram.
308 2455 344 2507 ut
372 2445 491 2524 dignus
515 2443 675 2519 efficiatur
697 2445 853 2505 accedere
875 2445 917 2506 ad
941 2445 1083 2525 gratiam
1107 2446 1265 2527 baptismi
1299 2448 1357 2510 tui.

155 2543 266 2595 teneat
294 2531 421 2593 firmam
446 2551 548 2611 spem.
572 2530 743 2591 consilium
769 2542 902 2592 rectum.
926 2532 1109 2593 doctrinam
1134 2545 1296 2596 sanctam.
1321 2545 1359 2597 ut

156 2632 253 2702 aptus
269 2621 311 2681 sit
328 2620 369 2680 ad
387 2617 634 2699 perficiendam⁴
661 2618 802 2698 gratiam
819 2618 976 2698 baptismi
993 2620 1050 2682 tui.
1069 2640 1136 2701 per.

565 2729 747 2791 Secundum
760 2729 806 2790 M
803 2729 941 2792 atheum.

201 2836 239 2898 ln
256 2835 300 2896 ill.
347 2833 566 2913 Respondens
582 2833 668 2893 iesus
692 2833 787 2895 dixit.
834 2832 1002 2897 Confiteor
1017 2833 1077 2895 tibi
1102 2843 1196 2914 pater
1217 2834 1360 2898 domiue

155 2923 235 2984 caeli
249 2931 282 2983 et
297 2932 410 2983 terrae.
427 2921 482 3000 qui
499 2919 701 2981 abscondisti
719 2919 800 2981 haec
816 2941 835 2981 a
858 2921 1063 2999 sapientibus
1080 2930 1112 2982 et
1135 2921 1359 3001 prudentibus

155 3020 188 3072 et
213 3008 363 3070 reuelasti
392 3028 430 3068 ea
456 3006 607 3087 paruulis.
656 3007 707 3068 Ita
733 3016 827 3087 pater
850 3008 1007 3085 quoniam
1033 3008 1078 3068 sic
1107 3006 1167 3069 fuit
1192 3008 1357 3088 placitum

156 3107 233 3158 ante
249 3107 290 3158 te.
336 3094 460 3157 Omnia
477 3093 556 3154 mihi
580 3093 702 3155 tradita
725 3103 801 3154 sunt
824 3113 843 3153 a
867 3103 960 3173 patre
985 3105 1113 3155 meoet
1137 3114 1236 3155 nemo
1261 3098 1359 3158 nouit

158 3183 259 3244 hlium
292 3182 351 3242 nisi
385 3193 478 3261 pater
504 3200 611 3259 neque
642 3190 769 3260 patrem
801 3180 874 3260 quis
906 3181 999 3240 nouit
1031 3181 1091 3240 nisi
1117 3179 1210 3242 filius.
1235 3193 1270 3244 et
1303 3184 1358 3245 cui

156 3270 296 3331 uoluerit
314 3267 398 3329 filius
422 3265 575 3328 reuelare.
622 3266 744 3329 Uenite
768 3269 808 3329 ad
835 3287 887 3327 me
914 3287 1029 3327 omnes
1056 3268 1112 3347 qui
1141 3267 1301 3331 laboratis
1324 3281 1360 3334 et

155 3356 304 3416 honerati
321 3357 407 3417 estis
424 3364 457 3415 et
473 3374 536 3433 ego
559 3352 703 3414 reficiam
721 3374 788 3414 uos,
834 3353 957 3414 Tollite
981 3349 1093 3434 iugum
1120 3375 1232 3416 meum
1257 3376 1362 3439 super

155 3464 223 3504 uos.
240 3453 272 3503 et
286 3443 401 3502 discite
417 3462 436 3501 a
453 3461 505 3501 me
521 3441 599 3521 quia
617 3441 704 3501 mitis
721 3461 793 3501 sum
808 3450 840 3501 et
857 3439 990 3501 humilis
1006 3443 1113 3502 corde.
1127 3452 1160 3503 et
1178 3442 1360 3509 inuenietis

155 3531 300 3611 requiem
332 3528 505 3589 animabus
533 3528 658 3588 uestris
719 3528 839 3608 Iugum
864 3529 952 3590 enim
977 3548 1087 3589 meum
1111 3548 1215 3589 suaue
1239 3541 1301 3594 est.
1326 3544 1361 3596 et

153 3637 237 3678 onus
254 3635 363 3677 meum
385 3614 464 3674 leue.

200 3704 296 3765 Pater
312 3712 430 3762 noster.
447 3699 525 3780 Μ
528 3749 950 3763 .........
953 3700 966 3782 ]
980 3712 1076 3781 sinder
1088 3712 1183 3782 caput
1213 3703 1363 3784 infantis

152 3791 240 3852 dz‘cat
253 3786 451 3869 symbolund.
497 3836 503 3848 .
549 3786 568 3867 .]
586 3787 719 3866 inponat
732 3785 753 3867 [.
799 3836 805 3849 .
850 3787 872 3869 ]
891 3788 1004 3850 dicens.

198 3876 284 3959 sNec
298 3886 330 3936 te
346 3876 427 3936 latet
440 3885 572 3935 satanas
599 3874 769 3935 imminere
786 3895 911 3955 poenas
935 3875 1106 3937 imminere
1129 3877 1189 3938 tibi
1208 3877 1265 3960 [fo.
1283 3882 1360 3943 66v.

154 3973 328 4026 tormenta.
346 3962 517 4023 imminere
530 3960 588 4021 tibi
602 3960 689 4021 diem
705 3961 824 4023 iudicii.
836 3962 923 4023 diem
936 3963 1096 4043 supplicii.
1107 3963 1196 4025 diem
1208 3967 1265 4046 qui
1278 3987 1362 4030 uen-

154 4062 246 4113 turus
263 4061 311 4111 est
329 4048 419 4110 uelut
435 4047 584 4108 clibanus
595 4048 720 4109 ardens.
739 4049 769 4109 in
787 4069 854 4129 quo
864 4050 924 4111 tibi
941 4061 1041 4130 atque
1052 4051 1214 4114 uniuersis
1228 4056 1361 4136 angelis

185 4182 191 4212 ¹
210 4197 240 4237 ut
251 4188 293 4236 lest
306 4197 348 4235 out
361 4187 385 4233 in
400 4186 455 4233 MS.
469 4194 495 4233 at
507 4185 555 4232 end
568 4184 596 4232 ot'
610 4185 667 4233 line.

183 4248 193 4279 ²
209 4262 232 4303 et
243 4253 286 4301 lest
298 4265 340 4300 out
353 4252 377 4300 in
392 4252 448 4298 MS.

184 4315 194 4345 ³
210 4327 296 4366 auctor
307 4317 350 4365 lest
361 4324 404 4364 out
417 4316 441 4363 in
454 4315 511 4365 MS.

184 4381 193 4411 ⁴
212 4385 261 4431 For
267 4382 460 4445 percipiendam.

184 4446 194 4476 ⁵
210 4449 272 4497 This
285 4447 365 4495 rubric
377 4447 397 4494 is
409 4462 464 4494 now
478 4445 501 4493 in
515 4453 568 4509 part
581 4445 697 4509 illegible.
