<?xml version="1.0" encoding="UTF-8"?>
<!DOCTYPE html PUBLIC "-//W3C//DTD XHTML 1.0 Transitional//EN"
    "http://www.w3.org/TR/xhtml1/DTD/xhtml1-transitional.dtd">
<html xmlns="http://www.w3.org/1999/xhtml" xml:lang="en" lang="en">
 <head>
  <title>
</title>
<meta http-equiv="Content-Type" content="text/html;charset=utf-8" />
  <meta name='ocr-system' content='tesseract 3.04.00' />
  <meta name='ocr-capabilities' content='ocr_page ocr_carea ocr_par ocr_line ocrx_word'/>
</head>
<body>
  <div class='ocr_page' id='page_1' title='image "./missalrobertjum01wilsgoog_0129.png"; bbox 0 0 3046 5092; ppageno 0'>
   <div class='ocr_carea' id='block_1_1' title="bbox 451 346 983 404">
    <p class='ocr_par' dir='ltr' id='par_1_1' title="bbox 451 346 983 404">
     <span class='ocr_line' id='line_1_1' title="bbox 451 346 983 404; baseline 0.002 -4"><span class='ocrx_word' id='word_1_1' title='bbox 451 350 501 401; x_wconf 86' lang='lat' dir='ltr'>IN</span> <span class='ocrx_word' id='word_1_2' title='bbox 524 351 697 404; x_wconf 84' lang='lat' dir='ltr'><em>OCTAUAS</em></span> <span class='ocrx_word' id='word_1_3' title='bbox 726 346 983 402; x_wconf 80' lang='lat' dir='ltr'><em>THEOPHANIA.</em></span> 
     </span>
    </p>
   </div>
   <div class='ocr_carea' id='block_1_2' title="bbox 622 572 813 655">
    <p class='ocr_par' dir='ltr' id='par_1_2' title="bbox 622 572 813 655">
     <span class='ocr_line' id='line_1_2' title="bbox 622 572 813 655; baseline 0 -19"><span class='ocrx_word' id='word_1_4' title='bbox 622 572 813 655; x_wconf 82' lang='lat' dir='ltr'>Praefatio..</span> 
     </span>
    </p>
   </div>
   <div class='ocr_carea' id='block_1_3' title="bbox 115 694 1321 1194">
    <p class='ocr_par' dir='ltr' id='par_1_3' title="bbox 115 694 1321 1194">
     <span class='ocr_line' id='line_1_3' title="bbox 160 694 1315 779; baseline -0.003 -18"><span class='ocrx_word' id='word_1_5' title='bbox 160 698 210 761; x_wconf 74' lang='grc' dir='ltr'>(Β</span> <span class='ocrx_word' id='word_1_6' title='bbox 223 705 378 761; x_wconf 89' lang='lat' dir='ltr'>aeternae</span> <span class='ocrx_word' id='word_1_7' title='bbox 388 695 479 760; x_wconf 91' lang='lat' dir='ltr'>deus.</span> <span class='ocrx_word' id='word_1_8' title='bbox 513 694 602 779; x_wconf 86' lang='lat' dir='ltr'>Quia</span> <span class='ocrx_word' id='word_1_9' title='bbox 611 707 725 761; x_wconf 93' lang='lat' dir='ltr'>notam</span> <span class='ocrx_word' id='word_1_10' title='bbox 743 697 847 761; x_wconf 85' lang='lat' dir='ltr'>fecisti</span> <span class='ocrx_word' id='word_1_11' title='bbox 865 694 897 760; x_wconf 88' lang='lat' dir='ltr'>in</span> <span class='ocrx_word' id='word_1_12' title='bbox 914 696 1045 779; x_wconf 88' lang='lat' dir='ltr'>populis</span> <span class='ocrx_word' id='word_1_13' title='bbox 1058 695 1315 759; x_wconf 89' lang='lat' dir='ltr'>misericordiam</span> 
     </span>
     <span class='ocr_line' id='line_1_4' title="bbox 115 784 1316 867; baseline -0.001 -21"><span class='ocrx_word' id='word_1_14' title='bbox 115 796 208 846; x_wconf 92' lang='lat' dir='ltr'>tuam</span> <span class='ocrx_word' id='word_1_15' title='bbox 225 795 258 847; x_wconf 92' lang='lat' dir='ltr'>et</span> <span class='ocrx_word' id='word_1_16' title='bbox 274 785 418 847; x_wconf 87' lang='lat' dir='ltr'>salutare</span> <span class='ocrx_word' id='word_1_17' title='bbox 432 794 527 846; x_wconf 93' lang='lat' dir='ltr'>tuum</span> <span class='ocrx_word' id='word_1_18' title='bbox 550 785 677 847; x_wconf 87' lang='lat' dir='ltr'>cunctis</span> <span class='ocrx_word' id='word_1_19' title='bbox 700 784 855 867; x_wconf 91' lang='lat' dir='ltr'>gentibus</span> <span class='ocrx_word' id='word_1_20' title='bbox 877 784 1060 847; x_wconf 87' lang='lat' dir='ltr'>declarasti.</span> <span class='ocrx_word' id='word_1_21' title='bbox 1107 784 1316 846; x_wconf 89' lang='lat' dir='ltr'>Hodiernum</span> 
     </span>
     <span class='ocr_line' id='line_1_5' title="bbox 115 869 1318 952; baseline -0.001 -20"><span class='ocrx_word' id='word_1_22' title='bbox 115 870 241 952; x_wconf 90' lang='lat' dir='ltr'>eligens</span> <span class='ocrx_word' id='word_1_23' title='bbox 255 871 345 933; x_wconf 91' lang='lat' dir='ltr'>diem</span> <span class='ocrx_word' id='word_1_24' title='bbox 362 871 394 933; x_wconf 93' lang='lat' dir='ltr'>in</span> <span class='ocrx_word' id='word_1_25' title='bbox 411 891 478 952; x_wconf 93' lang='lat' dir='ltr'>qua</span> <span class='ocrx_word' id='word_1_26' title='bbox 493 871 537 933; x_wconf 91' lang='lat' dir='ltr'>ad</span> <span class='ocrx_word' id='word_1_27' title='bbox 552 870 756 933; x_wconf 88' lang='lat' dir='ltr'>adorandam</span> <span class='ocrx_word' id='word_1_28' title='bbox 772 872 840 933; x_wconf 93' lang='lat' dir='ltr'>ueri</span> <span class='ocrx_word' id='word_1_29' title='bbox 856 872 942 952; x_wconf 88' lang='lat' dir='ltr'>regis</span> <span class='ocrx_word' id='word_1_30' title='bbox 958 869 1131 933; x_wconf 85' lang='lat' dir='ltr'>infantiam</span> <span class='ocrx_word' id='word_1_31' title='bbox 1152 871 1318 932; x_wconf 91' lang='lat' dir='ltr'>excitatos</span> 
     </span>
     <span class='ocr_line' id='line_1_6' title="bbox 116 956 1321 1039; baseline -0.001 -20"><span class='ocrx_word' id='word_1_32' title='bbox 116 959 159 1020; x_wconf 93' lang='lat' dir='ltr'>de</span> <span class='ocrx_word' id='word_1_33' title='bbox 175 959 310 1021; x_wconf 89' lang='lat' dir='ltr'>remotis</span> <span class='ocrx_word' id='word_1_34' title='bbox 325 956 474 1039; x_wconf 91' lang='lat' dir='ltr'>partibus</span> <span class='ocrx_word' id='word_1_35' title='bbox 490 978 605 1038; x_wconf 89' lang='lat' dir='ltr'>magos</span> <span class='ocrx_word' id='word_1_36' title='bbox 621 957 739 1020; x_wconf 91' lang='lat' dir='ltr'>clarior</span> <span class='ocrx_word' id='word_1_37' title='bbox 753 958 890 1020; x_wconf 89' lang='lat' dir='ltr'>caeteris</span> <span class='ocrx_word' id='word_1_38' title='bbox 906 958 1067 1021; x_wconf 88' lang='lat' dir='ltr'>sideribus</span> <span class='ocrx_word' id='word_1_39' title='bbox 1082 957 1179 1019; x_wconf 91' lang='lat' dir='ltr'>stella</span> <span class='ocrx_word' id='word_1_40' title='bbox 1201 957 1321 1038; x_wconf 91' lang='lat' dir='ltr'>perdu-</span> 
     </span>
     <span class='ocr_line' id='line_1_7' title="bbox 115 1043 1320 1126; baseline -0.001 -19"><span class='ocrx_word' id='word_1_41' title='bbox 115 1053 212 1107; x_wconf 85' lang='lat' dir='ltr'>ceret</span> <span class='ocrx_word' id='word_1_42' title='bbox 235 1053 268 1107; x_wconf 91' lang='lat' dir='ltr'>et</span> <span class='ocrx_word' id='word_1_43' title='bbox 292 1044 374 1107; x_wconf 89' lang='lat' dir='ltr'>caeli</span> <span class='ocrx_word' id='word_1_44' title='bbox 399 1064 437 1106; x_wconf 91' lang='lat' dir='ltr'>ac</span> <span class='ocrx_word' id='word_1_45' title='bbox 462 1053 566 1106; x_wconf 89' lang='lat' dir='ltr'>terrae</span> <span class='ocrx_word' id='word_1_46' title='bbox 581 1045 754 1108; x_wconf 90' lang='lat' dir='ltr'>dominum</span> <span class='ocrx_word' id='word_1_47' title='bbox 771 1043 985 1126; x_wconf 88' lang='lat' dir='ltr'>corporaliter</span> <span class='ocrx_word' id='word_1_48' title='bbox 1000 1053 1115 1106; x_wconf 91' lang='lat' dir='ltr'>natum</span> <span class='ocrx_word' id='word_1_49' title='bbox 1132 1044 1224 1107; x_wconf 91' lang='lat' dir='ltr'>radio</span> <span class='ocrx_word' id='word_1_50' title='bbox 1239 1062 1320 1106; x_wconf 90' lang='lat' dir='ltr'>suae</span> 
     </span>
     <span class='ocr_line' id='line_1_8' title="bbox 116 1131 562 1194; baseline 0.002 -1"><span class='ocrx_word' id='word_1_51' title='bbox 116 1131 198 1193; x_wconf 91' lang='lat' dir='ltr'>lucis</span> <span class='ocrx_word' id='word_1_52' title='bbox 214 1131 412 1194; x_wconf 89' lang='lat' dir='ltr'>ostenderet.</span> <span class='ocrx_word' id='word_1_53' title='bbox 428 1140 462 1194; x_wconf 91' lang='lat' dir='ltr'>et</span> <span class='ocrx_word' id='word_1_54' title='bbox 478 1131 562 1194; x_wconf 79' lang='lat' dir='ltr'>ideo,</span> 
     </span>
    </p>
   </div>
   <div class='ocr_carea' id='block_1_4' title="bbox 578 1286 857 1369">
    <p class='ocr_par' dir='ltr' id='par_1_4' title="bbox 578 1286 857 1369">
     <span class='ocr_line' id='line_1_9' title="bbox 578 1286 857 1369; baseline 0.011 -20"><span class='ocrx_word' id='word_1_55' title='bbox 578 1286 680 1369; x_wconf 86' lang='lat' dir='ltr'>Insra</span> <span class='ocrx_word' id='word_1_56' title='bbox 694 1286 857 1352; x_wconf 79' lang='lat' dir='ltr'>actionem.</span> 
     </span>
    </p>
   </div>
   <div class='ocr_carea' id='block_1_5' title="bbox 114 1410 1319 1735">
    <p class='ocr_par' dir='ltr' id='par_1_5' title="bbox 114 1410 1319 1735">
     <span class='ocr_line' id='line_1_10' title="bbox 162 1410 1319 1492; baseline -0.001 -18"><span class='ocrx_word' id='word_1_57' title='bbox 162 1410 457 1475; x_wconf 91' lang='lat' dir='ltr'>Communieantes</span> <span class='ocrx_word' id='word_1_58' title='bbox 494 1419 528 1474; x_wconf 92' lang='lat' dir='ltr'>et</span> <span class='ocrx_word' id='word_1_59' title='bbox 565 1410 654 1474; x_wconf 91' lang='lat' dir='ltr'>diem</span> <span class='ocrx_word' id='word_1_60' title='bbox 693 1412 952 1474; x_wconf 87' lang='lat' dir='ltr'>sacratissimum</span> <span class='ocrx_word' id='word_1_61' title='bbox 990 1411 1215 1475; x_wconf 88' lang='lat' dir='ltr'>caelebrantes</span> <span class='ocrx_word' id='word_1_62' title='bbox 1252 1430 1319 1492; x_wconf 92' lang='lat' dir='ltr'>quo</span> 
     </span>
     <span class='ocr_line' id='line_1_11' title="bbox 114 1499 1319 1580; baseline 0 -20"><span class='ocrx_word' id='word_1_63' title='bbox 114 1499 305 1580; x_wconf 86' lang='lat' dir='ltr'>unigenitus</span> <span class='ocrx_word' id='word_1_64' title='bbox 335 1510 412 1560; x_wconf 90' lang='lat' dir='ltr'>tuus</span> <span class='ocrx_word' id='word_1_65' title='bbox 443 1499 475 1558; x_wconf 94' lang='lat' dir='ltr'>in</span> <span class='ocrx_word' id='word_1_66' title='bbox 507 1506 566 1559; x_wconf 89' lang='lat' dir='ltr'>tua</span> <span class='ocrx_word' id='word_1_67' title='bbox 596 1508 706 1560; x_wconf 90' lang='lat' dir='ltr'>tecum</span> <span class='ocrx_word' id='word_1_68' title='bbox 740 1499 846 1579; x_wconf 87' lang='lat' dir='ltr'>gloria</span> <span class='ocrx_word' id='word_1_69' title='bbox 876 1507 1069 1560; x_wconf 89' lang='lat' dir='ltr'>coaeternus</span> <span class='ocrx_word' id='word_1_70' title='bbox 1108 1500 1140 1560; x_wconf 94' lang='lat' dir='ltr'>in</span> <span class='ocrx_word' id='word_1_71' title='bbox 1180 1499 1319 1561; x_wconf 89' lang='lat' dir='ltr'>ueritate</span> 
     </span>
     <span class='ocr_line' id='line_1_12' title="bbox 117 1583 1318 1668; baseline -0.001 -21"><span class='ocrx_word' id='word_1_72' title='bbox 117 1587 224 1647; x_wconf 89' lang='lat' dir='ltr'>carnis</span> <span class='ocrx_word' id='word_1_73' title='bbox 240 1595 372 1648; x_wconf 87' lang='lat' dir='ltr'>nostrae</span> <span class='ocrx_word' id='word_1_74' title='bbox 387 1583 560 1647; x_wconf 91' lang='lat' dir='ltr'>uisibiliter</span> <span class='ocrx_word' id='word_1_75' title='bbox 575 1584 754 1666; x_wconf 91' lang='lat' dir='ltr'>corporalis</span> <span class='ocrx_word' id='word_1_76' title='bbox 770 1587 930 1668; x_wconf 91' lang='lat' dir='ltr'>apparuit.</span> <span class='ocrx_word' id='word_1_77' title='bbox 977 1583 1044 1648; x_wconf 87' lang='lat' dir='ltr'>Sed</span> <span class='ocrx_word' id='word_1_78' title='bbox 1068 1595 1101 1647; x_wconf 90' lang='lat' dir='ltr'>et</span> <span class='ocrx_word' id='word_1_79' title='bbox 1124 1586 1318 1647; x_wconf 89' lang='lat' dir='ltr'>memoriam</span> 
     </span>
     <span class='ocr_line' id='line_1_13' title="bbox 118 1682 323 1735; baseline 0 -1"><span class='ocrx_word' id='word_1_80' title='bbox 118 1682 323 1735; x_wconf 79' lang='lat' dir='ltr'>uenerantes,</span> 
     </span>
    </p>
   </div>
   <div class='ocr_carea' id='block_1_6' title="bbox 571 1781 869 1864">
    <p class='ocr_par' dir='ltr' id='par_1_6' title="bbox 571 1781 869 1864">
     <span class='ocr_line' id='line_1_14' title="bbox 571 1781 869 1864; baseline 0.003 -20"><span class='ocrx_word' id='word_1_81' title='bbox 571 1781 602 1844; x_wconf 82' lang='lat' dir='ltr'><em>A</em></span> <span class='ocrx_word' id='word_1_82' title='bbox 606 1781 634 1845; x_wconf 88' lang='lat' dir='ltr'>d</span> <span class='ocrx_word' id='word_1_83' title='bbox 642 1781 869 1864; x_wconf 82' lang='lat' dir='ltr'>complendum.</span> 
     </span>
    </p>
   </div>
   <div class='ocr_carea' id='block_1_7' title="bbox 117 1892 1320 2130">
    <p class='ocr_par' dir='ltr' id='par_1_7' title="bbox 117 1892 1320 2130">
     <span class='ocr_line' id='line_1_15' title="bbox 162 1892 1320 1976; baseline 0.002 -21"><span class='ocrx_word' id='word_1_84' title='bbox 162 1893 298 1957; x_wconf 90' lang='lat' dir='ltr'>Praesta</span> <span class='ocrx_word' id='word_1_85' title='bbox 312 1912 493 1974; x_wconf 88' lang='lat' dir='ltr'>quesumus</span> <span class='ocrx_word' id='word_1_86' title='bbox 508 1892 644 1955; x_wconf 90' lang='lat' dir='ltr'>dominc</span> <span class='ocrx_word' id='word_1_87' title='bbox 659 1895 741 1957; x_wconf 90' lang='lat' dir='ltr'>deus</span> <span class='ocrx_word' id='word_1_88' title='bbox 758 1904 793 1956; x_wconf 94' lang='lat' dir='ltr'>ut</span> <span class='ocrx_word' id='word_1_89' title='bbox 809 1914 894 1976; x_wconf 92' lang='lat' dir='ltr'>quae</span> <span class='ocrx_word' id='word_1_90' title='bbox 917 1893 1092 1976; x_wconf 89' lang='lat' dir='ltr'>sollempni</span> <span class='ocrx_word' id='word_1_91' title='bbox 1115 1894 1320 1959; x_wconf 90' lang='lat' dir='ltr'>celebramus</span> 
     </span>
     <span class='ocr_line' id='line_1_16' title="bbox 117 1979 1319 2130; baseline 0.002 -87"><span class='ocrx_word' id='word_1_92' title='bbox 117 1979 235 2130; x_wconf 59' lang='lat' dir='ltr'>gfficio.</span> <span class='ocrx_word' id='word_1_93' title='bbox 251 1979 444 2062; x_wconf 88' lang='lat' dir='ltr'>purificatae</span> <span class='ocrx_word' id='word_1_94' title='bbox 459 1981 580 2043; x_wconf 89' lang='lat' dir='ltr'>mentis</span> <span class='ocrx_word' id='word_1_95' title='bbox 603 1980 822 2063; x_wconf 88' lang='lat' dir='ltr'>intelligentia</span> <span class='ocrx_word' id='word_1_96' title='bbox 838 1980 1101 2066; x_wconf 72' lang='lat' dir='ltr'>conlsequamur.</span> <span class='ocrx_word' id='word_1_97' title='bbox 1118 2003 1177 2065; x_wconf 90' lang='lat' dir='ltr'>per</span> <span class='ocrx_word' id='word_1_98' title='bbox 1198 1982 1254 2066; x_wconf 87' lang='lat' dir='ltr'>[so.</span> <span class='ocrx_word' id='word_1_99' title='bbox 1271 1985 1319 2063; x_wconf 83' lang='lat'>38.</span> 
     </span>
     <span class='ocr_line' id='line_1_17' title="bbox 142 2086 301 2130; baseline 0 0"><span class='ocrx_word' id='word_1_100' title='bbox 142 2086 301 2130; x_wconf 77' lang='lat' dir='ltr'>ominum.</span> 
     </span>
    </p>
   </div>
   <div class='ocr_carea' id='block_1_8' title="bbox 584 2177 860 2262">
    <p class='ocr_par' dir='ltr' id='par_1_8' title="bbox 584 2177 860 2262">
     <span class='ocr_line' id='line_1_18' title="bbox 584 2177 860 2262; baseline 0 -19"><span class='ocrx_word' id='word_1_101' title='bbox 584 2177 692 2260; x_wconf 84' lang='lat' dir='ltr'>Super</span> <span class='ocrx_word' id='word_1_102' title='bbox 696 2179 860 2262; x_wconf 77' lang='lat' dir='ltr'>populum.</span> 
     </span>
    </p>
   </div>
   <div class='ocr_carea' id='block_1_9' title="bbox 117 2288 1322 2615">
    <p class='ocr_par' dir='ltr' id='par_1_9' title="bbox 117 2288 1322 2615">
     <span class='ocr_line' id='line_1_19' title="bbox 164 2288 1322 2375; baseline 0.003 -22"><span class='ocrx_word' id='word_1_103' title='bbox 164 2291 332 2354; x_wconf 91' lang='lat' dir='ltr'>lnlumina</span> <span class='ocrx_word' id='word_1_104' title='bbox 360 2288 496 2353; x_wconf 91' lang='lat' dir='ltr'>domine</span> <span class='ocrx_word' id='word_1_105' title='bbox 532 2310 711 2372; x_wconf 91' lang='lat' dir='ltr'>quesumus</span> <span class='ocrx_word' id='word_1_106' title='bbox 745 2292 905 2374; x_wconf 92' lang='lat' dir='ltr'>populum</span> <span class='ocrx_word' id='word_1_107' title='bbox 943 2302 1037 2354; x_wconf 92' lang='lat' dir='ltr'>tuum</span> <span class='ocrx_word' id='word_1_108' title='bbox 1075 2303 1109 2356; x_wconf 89' lang='lat' dir='ltr'>et</span> <span class='ocrx_word' id='word_1_109' title='bbox 1145 2292 1322 2375; x_wconf 85' lang='lat' dir='ltr'>splendore</span> 
     </span>
     <span class='ocr_line' id='line_1_20' title="bbox 117 2377 1321 2460; baseline 0.003 -21"><span class='ocrx_word' id='word_1_110' title='bbox 117 2377 243 2459; x_wconf 89' lang='lat' dir='ltr'>gloriae</span> <span class='ocrx_word' id='word_1_111' title='bbox 269 2389 348 2441; x_wconf 89' lang='lat' dir='ltr'>tuae</span> <span class='ocrx_word' id='word_1_112' title='bbox 373 2397 430 2440; x_wconf 90' lang='lat' dir='ltr'>cor</span> <span class='ocrx_word' id='word_1_113' title='bbox 451 2379 521 2440; x_wconf 91' lang='lat' dir='ltr'>eius</span> <span class='ocrx_word' id='word_1_114' title='bbox 545 2398 677 2460; x_wconf 88' lang='lat' dir='ltr'>semper</span> <span class='ocrx_word' id='word_1_115' title='bbox 703 2381 854 2442; x_wconf 91' lang='lat' dir='ltr'>accende.</span> <span class='ocrx_word' id='word_1_116' title='bbox 882 2390 919 2441; x_wconf 96' lang='lat' dir='ltr'>ut</span> <span class='ocrx_word' id='word_1_117' title='bbox 942 2380 1142 2442; x_wconf 88' lang='lat' dir='ltr'>saluatorem</span> <span class='ocrx_word' id='word_1_118' title='bbox 1167 2400 1262 2443; x_wconf 94' lang='lat' dir='ltr'>suum</span> <span class='ocrx_word' id='word_1_119' title='bbox 1287 2391 1321 2443; x_wconf 89' lang='lat' dir='ltr'>et</span> 
     </span>
     <span class='ocr_line' id='line_1_21' title="bbox 118 2465 1320 2547; baseline 0.002 -20"><span class='ocrx_word' id='word_1_120' title='bbox 118 2468 321 2528; x_wconf 89' lang='lat' dir='ltr'>incessanter</span> <span class='ocrx_word' id='word_1_121' title='bbox 343 2473 510 2546; x_wconf 90' lang='lat' dir='ltr'>agnoscat.</span> <span class='ocrx_word' id='word_1_122' title='bbox 526 2475 560 2527; x_wconf 91' lang='lat' dir='ltr'>et</span> <span class='ocrx_word' id='word_1_123' title='bbox 578 2466 740 2527; x_wconf 88' lang='lat' dir='ltr'>ueraciter</span> <span class='ocrx_word' id='word_1_124' title='bbox 759 2465 1016 2547; x_wconf 89' lang='lat' dir='ltr'>adpraehendat.</span> <span class='ocrx_word' id='word_1_125' title='bbox 1033 2466 1138 2528; x_wconf 89' lang='lat' dir='ltr'>iesum</span> <span class='ocrx_word' id='word_1_126' title='bbox 1161 2468 1320 2530; x_wconf 90' lang='lat' dir='ltr'>christum</span> 
     </span>
     <span class='ocr_line' id='line_1_22' title="bbox 117 2552 467 2615; baseline -0.003 0"><span class='ocrx_word' id='word_1_127' title='bbox 117 2552 291 2615; x_wconf 89' lang='lat' dir='ltr'>dominum</span> <span class='ocrx_word' id='word_1_128' title='bbox 308 2561 467 2614; x_wconf 89' lang='lat' dir='ltr'>nostrum.</span> 
     </span>
    </p>
   </div>
   <div class='ocr_carea' id='block_1_10' title="bbox 455 2758 987 2826">
    <p class='ocr_par' dir='ltr' id='par_1_10' title="bbox 455 2758 987 2826">
     <span class='ocr_line' id='line_1_23' title="bbox 455 2758 987 2826; baseline 0.008 -4"><span class='ocrx_word' id='word_1_129' title='bbox 455 2760 500 2825; x_wconf 85' lang='lat' dir='ltr'>IN</span> <span class='ocrx_word' id='word_1_130' title='bbox 524 2758 700 2824; x_wconf 85' lang='lat' dir='ltr'>OCTAUAS</span> <span class='ocrx_word' id='word_1_131' title='bbox 723 2758 987 2826; x_wconf 78' lang='lat' dir='ltr'><strong>THEOPHANIA.</strong></span> 
     </span>
    </p>
   </div>
   <div class='ocr_carea' id='block_1_11' title="bbox 116 2900 1321 3158">
    <p class='ocr_par' dir='ltr' id='par_1_11' title="bbox 116 2900 1321 3158">
     <span class='ocr_line' id='line_1_24' title="bbox 162 2900 1321 2985; baseline 0.002 -19"><span class='ocrx_word' id='word_1_132' title='bbox 162 2903 256 2966; x_wconf 91' lang='lat' dir='ltr'>Deus</span> <span class='ocrx_word' id='word_1_133' title='bbox 279 2901 373 2966; x_wconf 91' lang='lat' dir='ltr'>cuius</span> <span class='ocrx_word' id='word_1_134' title='bbox 395 2901 586 2983; x_wconf 86' lang='lat' dir='ltr'>unigenitus</span> <span class='ocrx_word' id='word_1_135' title='bbox 610 2901 643 2964; x_wconf 95' lang='lat' dir='ltr'>in</span> <span class='ocrx_word' id='word_1_136' title='bbox 666 2900 854 2966; x_wconf 89' lang='lat' dir='ltr'>substantia</span> <span class='ocrx_word' id='word_1_137' title='bbox 876 2912 1008 2965; x_wconf 85' lang='lat' dir='ltr'>nostrae</span> <span class='ocrx_word' id='word_1_138' title='bbox 1031 2903 1137 2965; x_wconf 87' lang='lat' dir='ltr'>carnis</span> <span class='ocrx_word' id='word_1_139' title='bbox 1160 2904 1321 2985; x_wconf 89' lang='lat' dir='ltr'>apparuit.</span> 
     </span>
     <span class='ocr_line' id='line_1_25' title="bbox 116 2989 1320 3072; baseline 0 -19"><span class='ocrx_word' id='word_1_140' title='bbox 116 3000 250 3072; x_wconf 88' lang='lat' dir='ltr'>praesta</span> <span class='ocrx_word' id='word_1_141' title='bbox 274 3009 455 3072; x_wconf 90' lang='lat' dir='ltr'>quesumus</span> <span class='ocrx_word' id='word_1_142' title='bbox 470 2998 507 3051; x_wconf 93' lang='lat' dir='ltr'>ut</span> <span class='ocrx_word' id='word_1_143' title='bbox 522 3008 581 3070; x_wconf 91' lang='lat' dir='ltr'>per</span> <span class='ocrx_word' id='word_1_144' title='bbox 596 3007 673 3050; x_wconf 89' lang='lat' dir='ltr'>eum</span> <span class='ocrx_word' id='word_1_145' title='bbox 690 3008 789 3070; x_wconf 92' lang='lat' dir='ltr'>quem</span> <span class='ocrx_word' id='word_1_146' title='bbox 806 2990 946 3052; x_wconf 91' lang='lat' dir='ltr'>similem</span> <span class='ocrx_word' id='word_1_147' title='bbox 964 2990 1059 3053; x_wconf 88' lang='lat' dir='ltr'>nobis</span> <span class='ocrx_word' id='word_1_148' title='bbox 1083 2989 1161 3053; x_wconf 87' lang='lat' dir='ltr'>foris</span> <span class='ocrx_word' id='word_1_149' title='bbox 1183 2992 1320 3072; x_wconf 90' lang='lat' dir='ltr'>agnoui·</span> 
     </span>
     <span class='ocr_line' id='line_1_26' title="bbox 118 3075 787 3158; baseline -0.001 -18"><span class='ocrx_word' id='word_1_150' title='bbox 118 3097 201 3140; x_wconf 90' lang='lat' dir='ltr'>mus.</span> <span class='ocrx_word' id='word_1_151' title='bbox 218 3079 309 3140; x_wconf 91' lang='lat' dir='ltr'>intus</span> <span class='ocrx_word' id='word_1_152' title='bbox 324 3075 493 3141; x_wconf 87' lang='lat' dir='ltr'>resorrnari</span> <span class='ocrx_word' id='word_1_153' title='bbox 510 3094 703 3137; x_wconf 87' lang='lat' dir='ltr'>mereamur.</span> <span class='ocrx_word' id='word_1_154' title='bbox 721 3095 787 3158; x_wconf 85' lang='lat' dir='ltr'>per.</span> 
     </span>
    </p>
   </div>
   <div class='ocr_carea' id='block_1_12' title="bbox 645 3232 783 3298">
    <p class='ocr_par' dir='ltr' id='par_1_12' title="bbox 645 3232 783 3298">
     <span class='ocr_line' id='line_1_27' title="bbox 645 3232 783 3298; baseline 0.007 -1"><span class='ocrx_word' id='word_1_155' title='bbox 645 3232 783 3298; x_wconf 79' lang='lat' dir='ltr'>Secreta.</span> 
     </span>
    </p>
   </div>
   <div class='ocr_carea' id='block_1_13' title="bbox 114 3343 1320 3601">
    <p class='ocr_par' dir='ltr' id='par_1_13' title="bbox 114 3343 1320 3601">
     <span class='ocr_line' id='line_1_28' title="bbox 163 3343 1319 3428; baseline 0.002 -20"><span class='ocrx_word' id='word_1_156' title='bbox 163 3345 303 3409; x_wconf 89' lang='lat' dir='ltr'>Hostias</span> <span class='ocrx_word' id='word_1_157' title='bbox 324 3343 385 3407; x_wconf 91' lang='lat' dir='ltr'>tibi</span> <span class='ocrx_word' id='word_1_158' title='bbox 410 3343 546 3407; x_wconf 90' lang='lat' dir='ltr'>domine</span> <span class='ocrx_word' id='word_1_159' title='bbox 569 3364 629 3426; x_wconf 88' lang='lat' dir='ltr'>pro</span> <span class='ocrx_word' id='word_1_160' title='bbox 653 3345 724 3407; x_wconf 92' lang='lat' dir='ltr'>nati</span> <span class='ocrx_word' id='word_1_161' title='bbox 751 3345 798 3407; x_wconf 93' lang='lat' dir='ltr'>tui</span> <span class='ocrx_word' id='word_1_162' title='bbox 823 3343 879 3407; x_wconf 88' lang='lat' dir='ltr'>filii</span> <span class='ocrx_word' id='word_1_163' title='bbox 903 3346 1111 3428; x_wconf 91' lang='lat' dir='ltr'>apparitione</span> <span class='ocrx_word' id='word_1_164' title='bbox 1133 3347 1319 3411; x_wconf 84' lang='lat' dir='ltr'>deserimus.</span> 
     </span>
     <span class='ocr_line' id='line_1_29' title="bbox 114 3432 1320 3515; baseline 0.002 -19"><span class='ocrx_word' id='word_1_165' title='bbox 114 3432 312 3515; x_wconf 89' lang='lat' dir='ltr'>suppliciter</span> <span class='ocrx_word' id='word_1_166' title='bbox 347 3441 534 3494; x_wconf 89' lang='lat' dir='ltr'>exorantes.</span> <span class='ocrx_word' id='word_1_167' title='bbox 572 3441 609 3494; x_wconf 93' lang='lat' dir='ltr'>ut</span> <span class='ocrx_word' id='word_1_168' title='bbox 646 3432 730 3494; x_wconf 90' lang='lat' dir='ltr'>sicut</span> <span class='ocrx_word' id='word_1_169' title='bbox 776 3443 963 3495; x_wconf 85' lang='lat' dir='ltr'>nostrorum</span> <span class='ocrx_word' id='word_1_170' title='bbox 1010 3434 1080 3515; x_wconf 91' lang='lat' dir='ltr'>ipse</span> <span class='ocrx_word' id='word_1_171' title='bbox 1118 3446 1232 3497; x_wconf 85' lang='lat' dir='ltr'>auctor</span> <span class='ocrx_word' id='word_1_172' title='bbox 1269 3448 1320 3500; x_wconf 88' lang='lat' dir='ltr'>est</span> 
     </span>
     <span class='ocr_line' id='line_1_30' title="bbox 114 3517 1211 3601; baseline 0 -17"><span class='ocrx_word' id='word_1_173' title='bbox 114 3537 293 3584; x_wconf 89' lang='lat' dir='ltr'>munerum</span> <span class='ocrx_word' id='word_1_174' title='bbox 308 3517 356 3581; x_wconf 88' lang='lat' dir='ltr'>ita</span> <span class='ocrx_word' id='word_1_175' title='bbox 371 3519 441 3599; x_wconf 88' lang='lat' dir='ltr'>ipse</span> <span class='ocrx_word' id='word_1_176' title='bbox 456 3519 500 3582; x_wconf 92' lang='lat' dir='ltr'>sit</span> <span class='ocrx_word' id='word_1_177' title='bbox 516 3518 699 3581; x_wconf 89' lang='lat' dir='ltr'>misericors</span> <span class='ocrx_word' id='word_1_178' title='bbox 715 3528 749 3581; x_wconf 93' lang='lat' dir='ltr'>et</span> <span class='ocrx_word' id='word_1_179' title='bbox 764 3529 943 3601; x_wconf 89' lang='lat' dir='ltr'>susceptor.</span> <span class='ocrx_word' id='word_1_180' title='bbox 960 3519 1047 3581; x_wconf 90' lang='lat' dir='ltr'>iesus</span> <span class='ocrx_word' id='word_1_181' title='bbox 1062 3522 1211 3585; x_wconf 87' lang='lat' dir='ltr'>christus.</span> 
     </span>
    </p>
   </div>
   <div class='ocr_carea' id='block_1_14' title="bbox 622 3670 803 3751">
    <p class='ocr_par' dir='ltr' id='par_1_14' title="bbox 622 3670 803 3751">
     <span class='ocr_line' id='line_1_31' title="bbox 622 3670 803 3751; baseline 0.011 -19"><span class='ocrx_word' id='word_1_182' title='bbox 622 3670 803 3751; x_wconf 61' lang='lat' dir='ltr'>Praefatio.</span> 
     </span>
    </p>
   </div>
   <div class='ocr_carea' id='block_1_15' title="bbox 111 3786 1320 4047">
    <p class='ocr_par' dir='ltr' id='par_1_15' title="bbox 111 3786 1320 4047">
     <span class='ocr_line' id='line_1_32' title="bbox 161 3786 1320 3872; baseline 0.001 -17"><span class='ocrx_word' id='word_1_183' title='bbox 161 3791 212 3855; x_wconf 71' lang='lat' dir='ltr'>ff)</span> <span class='ocrx_word' id='word_1_184' title='bbox 237 3798 371 3854; x_wconf 89' lang='lat' dir='ltr'>aeterne</span> <span class='ocrx_word' id='word_1_185' title='bbox 394 3787 485 3853; x_wconf 92' lang='lat' dir='ltr'>deus.</span> <span class='ocrx_word' id='word_1_186' title='bbox 530 3786 620 3871; x_wconf 86' lang='lat' dir='ltr'>Quia</span> <span class='ocrx_word' id='word_1_187' title='bbox 645 3810 720 3854; x_wconf 92' lang='lat' dir='ltr'>curn</span> <span class='ocrx_word' id='word_1_188' title='bbox 753 3791 940 3872; x_wconf 89' lang='lat' dir='ltr'>unigenitus</span> <span class='ocrx_word' id='word_1_189' title='bbox 970 3800 1047 3854; x_wconf 93' lang='lat' dir='ltr'>tuus</span> <span class='ocrx_word' id='word_1_190' title='bbox 1074 3790 1106 3853; x_wconf 97' lang='lat' dir='ltr'>in</span> <span class='ocrx_word' id='word_1_191' title='bbox 1135 3792 1320 3856; x_wconf 92' lang='lat' dir='ltr'>substantia</span> 
     </span>
     <span class='ocr_line' id='line_1_33' title="bbox 114 3877 1319 3959; baseline 0.002 -18"><span class='ocrx_word' id='word_1_192' title='bbox 114 3888 251 3941; x_wconf 89' lang='lat' dir='ltr'>nostrae</span> <span class='ocrx_word' id='word_1_193' title='bbox 266 3877 478 3941; x_wconf 89' lang='lat' dir='ltr'>mortalitatis</span> <span class='ocrx_word' id='word_1_194' title='bbox 494 3878 657 3959; x_wconf 90' lang='lat' dir='ltr'>apparuit.</span> <span class='ocrx_word' id='word_1_195' title='bbox 668 3878 701 3939; x_wconf 90' lang='lat' dir='ltr'>in</span> <span class='ocrx_word' id='word_1_196' title='bbox 714 3897 802 3940; x_wconf 89' lang='lat' dir='ltr'>noua</span> <span class='ocrx_word' id='word_1_197' title='bbox 812 3897 872 3940; x_wconf 93' lang='lat' dir='ltr'>nos</span> <span class='ocrx_word' id='word_1_198' title='bbox 888 3879 1150 3942; x_wconf 90' lang='lat' dir='ltr'>immortalitatis</span> <span class='ocrx_word' id='word_1_199' title='bbox 1160 3899 1237 3942; x_wconf 87' lang='lat' dir='ltr'>suae</span> <span class='ocrx_word' id='word_1_200' title='bbox 1247 3880 1319 3944; x_wconf 92' lang='lat' dir='ltr'>luce</span> 
     </span>
     <span class='ocr_line' id='line_1_34' title="bbox 111 3963 716 4047; baseline -0.005 -18"><span class='ocrx_word' id='word_1_201' title='bbox 111 3965 292 4047; x_wconf 86' lang='lat' dir='ltr'>reparauit.</span> <span class='ocrx_word' id='word_1_202' title='bbox 336 3963 383 4027; x_wconf 90' lang='lat' dir='ltr'>Et</span> <span class='ocrx_word' id='word_1_203' title='bbox 398 3964 474 4028; x_wconf 88' lang='lat' dir='ltr'>ideo</span> <span class='ocrx_word' id='word_1_204' title='bbox 488 3983 564 4027; x_wconf 94' lang='lat' dir='ltr'>cum</span> <span class='ocrx_word' id='word_1_205' title='bbox 581 3963 716 4046; x_wconf 88' lang='lat' dir='ltr'>angelis.</span> 
     </span>
    </p>
   </div>
   <div class='ocr_carea' id='block_1_16' title="bbox 567 4117 866 4201">
    <p class='ocr_par' dir='ltr' id='par_1_16' title="bbox 567 4117 866 4201">
     <span class='ocr_line' id='line_1_35' title="bbox 567 4117 866 4201; baseline -0.003 -16"><span class='ocrx_word' id='word_1_206' title='bbox 567 4119 599 4185; x_wconf 83' lang='lat' dir='ltr'><em>A</em></span> <span class='ocrx_word' id='word_1_207' title='bbox 603 4118 630 4182; x_wconf 89' lang='lat' dir='ltr'>d</span> <span class='ocrx_word' id='word_1_208' title='bbox 639 4117 866 4201; x_wconf 81' lang='lat' dir='ltr'>complendum.</span> 
     </span>
    </p>
   </div>
   <div class='ocr_carea' id='block_1_17' title="bbox 111 4230 1319 4559">
    <p class='ocr_par' dir='ltr' id='par_1_17' title="bbox 111 4230 1319 4559">
     <span class='ocr_line' id='line_1_36' title="bbox 160 4230 1319 4318; baseline 0 -20"><span class='ocrx_word' id='word_1_209' title='bbox 160 4230 307 4298; x_wconf 89' lang='lat' dir='ltr'>Caelesti</span> <span class='ocrx_word' id='word_1_210' title='bbox 345 4234 469 4299; x_wconf 89' lang='lat' dir='ltr'>lumine</span> <span class='ocrx_word' id='word_1_211' title='bbox 499 4254 680 4317; x_wconf 90' lang='lat' dir='ltr'>quesumus</span> <span class='ocrx_word' id='word_1_212' title='bbox 710 4235 845 4298; x_wconf 91' lang='lat' dir='ltr'>domine</span> <span class='ocrx_word' id='word_1_213' title='bbox 873 4255 1007 4318; x_wconf 89' lang='lat' dir='ltr'>semper</span> <span class='ocrx_word' id='word_1_214' title='bbox 1035 4245 1068 4298; x_wconf 89' lang='lat' dir='ltr'>et</span> <span class='ocrx_word' id='word_1_215' title='bbox 1106 4235 1228 4318; x_wconf 91' lang='lat' dir='ltr'>ubique</span> <span class='ocrx_word' id='word_1_216' title='bbox 1259 4256 1319 4299; x_wconf 90' lang='lat' dir='ltr'>nos</span> 
     </span>
     <span class='ocr_line' id='line_1_37' title="bbox 112 4321 1319 4406; baseline 0 -22"><span class='ocrx_word' id='word_1_217' title='bbox 112 4321 284 4406; x_wconf 89' lang='lat' dir='ltr'>praeueni.</span> <span class='ocrx_word' id='word_1_218' title='bbox 294 4331 332 4385; x_wconf 91' lang='lat' dir='ltr'>ut</span> <span class='ocrx_word' id='word_1_219' title='bbox 348 4322 552 4403; x_wconf 87' lang='lat' dir='ltr'>mysterium.</span> <span class='ocrx_word' id='word_1_220' title='bbox 563 4323 655 4384; x_wconf 91' lang='lat' dir='ltr'>cuius</span> <span class='ocrx_word' id='word_1_221' title='bbox 671 4341 731 4384; x_wconf 88' lang='lat' dir='ltr'>nos</span> <span class='ocrx_word' id='word_1_222' title='bbox 748 4323 924 4404; x_wconf 90' lang='lat' dir='ltr'>participes</span> <span class='ocrx_word' id='word_1_223' title='bbox 939 4342 1012 4385; x_wconf 91' lang='lat' dir='ltr'>esse</span> <span class='ocrx_word' id='word_1_224' title='bbox 1027 4321 1169 4386; x_wconf 89' lang='lat' dir='ltr'>uoluisti.</span> <span class='ocrx_word' id='word_1_225' title='bbox 1186 4333 1219 4386; x_wconf 92' lang='lat' dir='ltr'>et</span> <span class='ocrx_word' id='word_1_226' title='bbox 1236 4343 1319 4406; x_wconf 92' lang='lat' dir='ltr'>puro</span> 
     </span>
     <span class='ocr_line' id='line_1_38' title="bbox 111 4407 1319 4492; baseline 0 -20"><span class='ocrx_word' id='word_1_227' title='bbox 111 4428 295 4472; x_wconf 90' lang='lat' dir='ltr'>cernamus</span> <span class='ocrx_word' id='word_1_228' title='bbox 324 4408 453 4475; x_wconf 86' lang='lat' dir='ltr'>intuitu.</span> <span class='ocrx_word' id='word_1_229' title='bbox 477 4416 519 4473; x_wconf 63' lang='lat' dir='ltr'>et⁴</span> <span class='ocrx_word' id='word_1_230' title='bbox 535 4408 640 4492; x_wconf 88' lang='lat' dir='ltr'>digno</span> <span class='ocrx_word' id='word_1_231' title='bbox 664 4409 885 4491; x_wconf 89' lang='lat' dir='ltr'>percipiamus</span> <span class='ocrx_word' id='word_1_232' title='bbox 909 4407 1038 4474; x_wconf 86' lang='lat' dir='ltr'>effectu.</span> <span class='ocrx_word' id='word_1_233' title='bbox 1063 4429 1122 4491; x_wconf 90' lang='lat' dir='ltr'>per</span> <span class='ocrx_word' id='word_1_234' title='bbox 1145 4411 1319 4473; x_wconf 91' lang='lat' dir='ltr'>dominum</span> 
     </span>
     <span class='ocr_line' id='line_1_39' title="bbox 112 4503 279 4559; baseline 0.006 -1"><span class='ocrx_word' id='word_1_235' title='bbox 112 4503 279 4559; x_wconf 85' lang='lat' dir='ltr'>nostrum</span> 
     </span>
    </p>
   </div>
   <div class='ocr_carea' id='block_1_18' title="bbox 0 0 1530 5092">
    <p class='ocr_par' dir='ltr' id='par_1_18' title="bbox 0 0 1530 5092">
     <span class='ocr_line' id='line_1_40' title="bbox 0 0 1530 5092; baseline 0 0"><span class='ocrx_word' id='word_1_236' title='bbox 0 0 1530 5092; x_wconf 95' lang='lat' dir='ltr'> </span> 
     </span>
    </p>
   </div>
  </div>
 </body>
</html>
