3046 5092
153 324 206 363 222
401 310 472 363 1111.
502 310 591 363 11011.
621 311 709 365 11011.
740 311 828 363 Nar.
858 312 886 363 S.
915 310 1137 365 EUSTACHII.

693 468 833 537 Secreta.

203 582 344 645 Munera
359 580 419 644 tibi
434 580 570 644 domine
593 590 727 645 nostrae
748 581 936 645 deuotionis
959 579 1138 645 offerimus
1155 602 1246 665 quae
1260 592 1295 645 et
1309 602 1369 666 pro

157 679 352 733 cunctorum
369 667 429 731 tibi
445 677 541 751 grata
556 668 622 732 sint
641 668 766 732 honore
789 669 958 732 iustorum.
975 678 1009 731 et
1031 668 1129 732 nobis
1152 668 1314 733 salutaria
1336 680 1369 733 te

155 757 336 819 miserante
352 755 540 819 reddantur.
556 761 618 838 per'
629 756 803 819 dominum
820 765 979 819 nostrum.

652 886 875 976 [Praefatr'o.¹]

202 1002 267 1081 iffi
279 1013 412 1066 aeterne
424 1003 514 1065 deus.
538 1001 759 1067 Clementiam
771 1012 864 1066 tuam
883 1001 1075 1085 suppliciter
1090 1002 1257 1087 obse-[io.
1278 1020 1366 1087 159v.

153 1100 296 1155 orantes.
306 1100 343 1153 ut
353 1110 428 1153 cum
439 1088 667 1152 exultantibus
677 1090 800 1152 sanctis
810 1090 875 1153 tuis
887 1091 921 1153 in
930 1090 1082 1153 caelestis
1099 1092 1194 1173 regni
1204 1090 1366 1157 cubilibus

158 1178 280 1260 gaudia
292 1186 405 1239 nostra
420 1177 611 1258 coniungas.
657 1175 703 1239 Et
718 1197 802 1258 quos
818 1177 948 1240 uirtutis
964 1177 1151 1240 imitatione
1167 1198 1236 1241 non
1254 1199 1365 1262 possu-

159 1284 233 1328 mus
256 1264 357 1345 sequi.
372 1262 506 1326 debitae
528 1264 750 1327 uenerationis
772 1265 1005 1348 contingamus
1028 1262 1159 1328 affectu.
1184 1286 1245 1348 per
1267 1266 1365 1329 chris·

157 1360 238 1415 tum.

613 1470 676 1533 Ad
686 1470 912 1551 complendum.

203 1583 258 1645 Da
283 1601 463 1664 quesumus
489 1581 624 1645 domine
654 1580 807 1644 fidelibus
831 1580 963 1665 populis
991 1584 1142 1646 omniurn
1175 1595 1362 1647 sanctorum

157 1689 290 1752 semper
326 1668 539 1731 ueneratione
568 1667 692 1731 laetari.
723 1678 758 1732 et
786 1688 900 1731 eorum
932 1680 1092 1752 perpetua
1122 1672 1365 1753 supplicatione

159 1757 288 1822 muniri.
300 1776 359 1838 per
373 1756 555 1819 dominum.

714 1875 807 1938 Alia

202 1986 427 2069 Omnipotens
442 1986 642 2069 sempiterne
657 1986 748 2049 deus.
763 1986 820 2069 qui
836 2005 896 2050 nos
911 1987 1060 2050 omnium
1078 1998 1273 2052 sanctorum
1290 1989 1367 2053 mul·

158 2074 262 2160 tiplici
278 2073 359 2136 facis
373 2071 586 2137 caelebritate
601 2073 754 2155 gaudere.
770 2075 916 2137 concede
931 2092 1111 2155 quesumus
1133 2085 1173 2139 ut
1195 2077 1283 2140 sicut
1298 2077 1362 2140 illo

158 2182 231 2226 rum
248 2160 564 2225 commemoratione
583 2161 758 2243 temporali
780 2160 986 2243 gratulamur
1007 2161 1125 2224 officio.
1142 2162 1191 2225 ita
1206 2174 1362 2247 perpetuo

156 2248 320 2312 laetemur
334 2259 478 2329 aspectu.
495 2268 555 2330 per
569 2248 752 2310 dominum.

261 2422 399 2485 Eouenr
423 2422 497 2485 Dra
521 2421 677 2486 Names
699 2419 842 2487 Sancti
866 2420 1020 2486 Cassan
1046 2422 1258 2488 Manutius.

200 2536 332 2598 Adesto
355 2536 489 2598 domine
514 2544 696 2615 martyrum
720 2535 974 2617 depraecatione
998 2546 1198 2598 sanctorum.
1225 2548 1259 2600 et
1283 2558 1360 2619 quos

157 2625 227 2706 pati
243 2644 303 2705 pro
320 2633 377 2685 tuo
394 2623 527 2684 nominc
543 2621 694 2683 tribuisti.
712 2622 763 2683 fac
780 2624 844 2683 tuis
861 2621 1013 2684 fidelibus
1030 2623 1215 2705 suffragari.
1233 2646 1298 2706 per.

713 2758 802 2820 fllia.

202 2864 293 2925 Deus
310 2865 364 2943 qui
382 2883 442 2924 nos
455 2863 541 2925 beati
559 2863 859 2943 caesariimartyris
870 2863 917 2925 tui
931 2862 1180 2945 sollempnitate
1197 2865 1359 2928 laetificas

155 2952 302 3013 concede
318 2951 488 3032 propitius.
501 2960 537 3011 ut
549 2950 639 3011 cuius
654 2950 807 3011 natalicia
823 2949 969 3011 colimus.
983 2952 1083 3012 etiarn
1096 2953 1246 3014 actiones
1260 2954 1360 3015 imile

154 3058 237 3100 mur.
255 3059 320 3119 per.

694 3148 831 3211 Secreta.

204 3261 342 3323 Hostias
358 3260 417 3322 tibi
434 3260 568 3321 domine
584 3259 673 3322 beati
689 3261 823 3323 caesarii
842 3262 995 3341 martyris
1018 3262 1066 3324 tui
1090 3264 1219 3325 dicatas
1242 3264 1360 3327 meritis

159 3347 320 3428 benignus
337 3350 482 3409 adsume.
499 3357 532 3408 et
549 3349 590 3410 ad
608 3358 803 3429 perpetuum
821 3348 916 3410 nobis
939 3349 1047 3411 tribue
1071 3353 1246 3431 prouenirc
1261 3351 1359 3412 subsi-

158 3436 257 3498 dium.
275 3455 340 3516 per.

616 3554 679 3616 Ad
688 3553 905 3634 corrrplcndrrm

203 3666 392 3748 Quesumus
415 3667 626 3748 omnipotens
642 3667 731 3728 deus.
749 3676 784 3728 ut
800 3667 856 3747 qui
872 3666 1027 3728 caelestia
1043 3667 1203 3730 alimenta
1219 3669 1413 3751 percepi·-

162 3776 241 3818 mus,
269 3755 493 3816 intercedente
518 3755 616 3815 beato
640 3755 786 3816 caesario
812 3763 956 3834 martyre
978 3764 1036 3816 tuo
1061 3775 1120 3835 per
1141 3755 1224 3819 hacc
1249 3768 1414 3819 contras

159 3843 272 3905 omnia
288 3843 427 3904 aduersa
444 3842 637 3928 muniamur.
654 3861 713 3922 per
726 3840 908 3903 dominum.

204 4023 269 4073 1111.
295 4009 389 4071 Nou.
415 4008 508 4070 Nou.
534 4007 690 4069 Names
714 4006 855 4071 Snucu
880 4005 1090 4070 Eusuncrui
1116 4007 1321 4072 limatura

205 4123 296 4185 Deus
312 4120 367 4201 qui
383 4120 518 4182 beatum
535 4119 740 4182 eustachium
763 4117 811 4201 sin
835 4119 1111 4199 temptationibus
1127 4140 1203 4201 pro·
1220 4120 1275 4203 [so.
1296 4120 1414 4182 16:

159 4209 255 4272 basti.
271 4218 304 4270 et
320 4207 496 4290 probatum
520 4206 693 4269 coronasti.
710 4206 811 4286 ipsius
834 4207 1063 4287 sociorumque
1086 4208 1155 4269 eius
1180 4209 1304 4271 meritis
1325 4208 1332 4267 i
1370 4224 1412 4265 ιι

160 4296 314 4359 omnibus
330 4293 604 4375 temptationibus
620 4303 713 4355 tuum
730 4293 825 4355 nobis
845 4303 975 4374 praesta
998 4293 1160 4356 auxilium
1185 4306 1220 4358 et
1242 4292 1396 4375 sempi-

157 4394 290 4447 ternum
306 4381 473 4465 gaudium.
488 4400 547 4463 per
561 4381 743 4444 dominum.

483 4495 491 4529 ¹
508 4500 571 4550 This
581 4499 692 4564 heading
702 4498 723 4549 is
733 4497 840 4549 omitted
851 4499 877 4549 in
888 4499 931 4548 the
942 4498 991 4550 MS
