3046 5092
349 319 419 368 IIII.
449 318 534 369 KAL.
565 318 650 369 AUG.
681 318 768 369 ΝΑΤ.
798 318 827 368 S.
857 318 1007 368 FELICIS
1032 317 1148 367 MART.
1310 329 1353 379 191

598 468 661 533 Ad
678 466 906 551 conpilendum.

199 569 293 632 Beati
320 568 463 650 apostoli
490 568 539 632 tui
566 567 673 631 iacobi
703 567 797 631 cuius
827 567 927 631 hodie
957 566 1139 632 festiuitate
1162 586 1299 649 corpore
1322 576 1356 630 et

154 656 317 738 sanguine
333 666 392 719 tuo
417 675 477 718 nos
498 653 648 718 refecisti.
664 674 844 736 quesumus
870 655 1005 717 domine
1027 656 1098 717 eius
1121 654 1355 718 intercessione

155 763 216 805 nos
247 743 370 806 adiuua
400 762 461 823 pro
490 742 584 805 cuius
614 741 862 823 sollempnitate
892 742 1101 824 percepimus
1140 751 1198 804 tua
1239 752 1355 804 sancta

155 830 326 893 laetantes.
343 849 409 911 per.

187 1013 220 1062 v.
246 999 338 1062 Knn.
362 999 457 1062 Aue.
482 997 640 1061 Narnia
665 997 806 1063 Saucrr
832 998 1100 1062 Pnurnunours
1125 997 1332 1059 Mnurrrus

201 1111 413 1174 Praetiosam.
438 1109 663 1173 celebritatem
691 1111 796 1173 saneti
825 1110 978 1190 martyris
1009 1105 1216 1172 tui'domine
1239 1118 1356 1191 panta·

156 1197 260 1260 leonis
287 1197 418 1278 plebem
446 1196 644 1259 recolentem
669 1197 796 1279 gratiae
823 1208 901 1259 tuae
927 1196 1116 1258 muneribus
1133 1195 1301 1278 perfunde.
1318 1205 1354 1258 ut

155 1286 248 1348 cuius
259 1292 311 1346 est
326 1285 412 1346 inter
422 1281 602 1357 nataliciis†
617 1285 774 1347 interesse
788 1283 900 1346 ualeat
912 1293 946 1347 et
962 1284 1091 1346 brauiis.
1109 1302 1167 1365 per
1180 1282 1353 1345 dominum

155 1380 315 1434 nostrum.

685 1487 823 1552 Secreta.

201 1588 296 1651 Haec
327 1587 462 1650 domine
492 1587 587 1650 altari
618 1597 678 1650 tuo
711 1607 849 1650 munera
880 1586 1023 1668 inposita
1051 1587 1122 1669 ipse
1153 1586 1290 1649 benedic
1321 1595 1353 1648 et

155 1676 294 1756 suscipe.
319 1685 356 1737 ut
383 1675 617 1737 intercessione
641 1673 730 1736 beati
756 1674 965 1755 pantaleonis
997 1673 1158 1755 martyris
1191 1674 1287 1736 nobis
1310 1674 1352 1735 ad

155 1760 298 1824 fructum
315 1760 488 1844 proficiant
504 1761 629 1824 salutis,
646 1781 712 1843 per.

676 1897 858 1978 Praefatio.

199 1998 249 2061 (D
282 2016 341 2079 per
371 1997 529 2060 christum
560 1997 734 2060 dominum
775 2007 933 2062 nostrum.
1003 1997 1233 2059 Persoluentes
1272 1997 1354 2060 iubi-

157 2082 307 2159 lationis†
321 2092 356 2146 et
379 2103 516 2147 munera
539 2094 707 2147 sacrantes
729 2081 976 2166 expiationem
995 2082 1195 2146 ineffabilem
1212 2084 1353 2165 gratiam

158 2172 316 2234 miramur
339 2189 425 2251 quae
452 2180 522 2231 tarn
549 2170 728 2233 excellenti
755 2172 961 2252 protectione
977 2171 1112 2233 beatum
1130 2171 1353 2252 praemuniuit

157 2258 390 2341 pantaleonem
414 2267 451 2319 ut
467 2257 496 2318 ei
513 2276 579 2319 non
596 2256 703 2319 solum
728 2257 889 2320 rebellans
915 2258 1071 2320 seuientis
1087 2256 1208 2319 saeculi
1225 2277 1355 2337 peruer-

157 2346 236 2408 sitas
262 2344 440 2425 quicquam
466 2342 676 2406 formidabile
702 2343 829 2407 inferre¹
859 2343 990 2407 ualeret.
1016 2345 1074 2406 sed
1103 2364 1139 2405 se
1169 2344 1292 2405 uictam
1322 2344 1353 2405 in

158 2441 302 2511 martyre
317 2431 427 2512 potius
444 2431 673 2512 ingemisceret
695 2451 772 2494 cum
799 2432 950 2511 probare²
966 2432 1163 2512 extinguere
1178 2450 1277 2511 quem
1295 2429 1354 2492 lux

158 2519 305 2581 ueritatis
335 2537 395 2578 sua
421 2518 557 2580 uestiuit
583 2517 741 2580 claritate.
756 2519 812 2599 qui
838 2519 930 2580 cuius
957 2516 1092 2579 calicem
1117 2516 1279 2598 passionis
1296 2536 1355 2598 pro

157 2604 253 2666 titulo
287 2603 503 2665 confessionis
534 2603 670 2666 bibebat
700 2605 732 2665 in
765 2606 946 2667 tormentis.
977 2624 1064 2667 nunc
1095 2604 1243 2666 eiusdem
1283 2623 1354 2684 per·

159 2691 255 2754 henni
273 2691 432 2752 societate
447 2689 578 2753 exultat
595 2692 626 2752 in
643 2691 750 2752 caelis.
767 2712 826 2772 per
840 2711 939 2772 quem
957 2692 1163 2753 maiestatem
1181 2699 1281 2752 tuam.

600 2811 662 2874 Ad
679 2811 906 2893 corrrplendum.

200 2910 295 2994 Quos
322 2911 471 2993 supernis
509 2911 643 2973 domine
675 2911 816 2973 refecisti
847 2911 1022 2974 alimentis.
1054 2911 1114 2972 hos
1145 2910 1354 2992 sempiternis

158 3018 338 3080 quesumus
350 2998 439 3079 reple
450 2999 661 3060 incrementis
674 3007 707 3060 et
724 2999 913 3061 interuentu
924 2998 1029 3061 sancti
1047 2996 1178 3079 panta-l
1194 2995 1347 3078 [fo.137v

159 3084 260 3149 leonis
277 3085 412 3147 sidereis
427 3086 572 3166 adiunge
588 3084 743 3166 collegiis,
760 3104 819 3166 per
834 3085 1006 3147 dominum
1023 3095 1181 3147 nostrum.

222 3265 289 3315 1111.
315 3251 406 3314 Kar.
431 3252 526 3315 Aue.
554 3251 710 3316 Names
734 3251 875 3336 Snucrr
901 3251 1049 3315 Funrcrs
1076 3252 1280 3316 Maternus.

202 3362 434 3426 Infirmitatem
474 3372 623 3425 nostram
663 3364 789 3444 respice
826 3364 1039 3445 omnipotens
1077 3364 1167 3426 deus
1207 3372 1240 3425 et
1278 3364 1352 3445 quia

159 3449 289 3530 pondus
313 3451 444 3532 proprie
468 3449 608 3512 actionis
632 3459 759 3531 grauat.
785 3451 873 3513 beati
903 3449 1005 3513 felicis
1022 3451 1176 3532 martyris
1192 3451 1240 3512 tui
1257 3450 1353 3513 inter·

142 3563 145 3571 ·
158 3537 261 3600 cessio
276 3536 422 3618 gloriosa
437 3556 497 3599 nos
514 3545 675 3618 protegat.
692 3557 751 3619 per
766 3538 948 3599 dominum.

685 3647 823 3712 Secreta.

199 3747 353 3829 Accepta
379 3747 422 3809 sit
448 3747 479 3809 in
505 3757 685 3830 conspectu
713 3758 772 3810 tuo
795 3748 930 3811 domine
947 3759 1060 3811 nostra
1075 3748 1218 3812 deuotio.
1235 3760 1270 3813 et
1284 3751 1352 3812 eius

160 3835 252 3985 nobi}
264 3832 324 3934 fiat
336 3832 577 3983 sppplicatione
593 3834 753 3897 salutaris
767 3855 827 3917 pro
839 3836 933 3898 cuius
945 3835 1193 3917 sollempnitate
1203 3835 1354 3899 defertur¹

159 3940 214 4003 per
251 3940 343 3984 omrn
405 3969 412 3984 .

603 4023 666 4087 Ad
682 4024 908 4106 complendum.

200 4121 363 4206 Spiritum
391 4121 487 4185 nobis
513 4122 649 4186 domine
673 4132 753 4186 tuae
779 4122 930 4187 karitatis
956 4124 1100 4188 infunde.
1126 4134 1162 4188 ut
1188 4144 1272 4206 quos
1288 4145 1355 4189 uno

157 4209 289 4273 caelesti
306 4228 394 4291 pane
408 4209 537 4272 satiasti
554 4209 778 4273 intercedente
802 4210 902 4273 beato
929 4209 1023 4274 felice
1053 4222 1197 4294 martyre
1214 4221 1281 4276 tuo.
1297 4221 1355 4276 tua

157 4295 255 4360 facias
271 4297 398 4378 pietate
414 4297 601 4359 concordes.
618 4316 678 4378 per
692 4296 875 4359 dominum.

449 4411 457 4445 ¹
474 4413 534 4463 Non
545 4414 635 4463 should
646 4414 768 4479 probably
779 4415 811 4464 be
821 4414 935 4480 supplied
948 4416 1014 4466 here.

448 4478 460 4510 ²
476 4478 511 4530 so
522 4480 580 4530 MS.
594 4480 702 4544 perhaps
712 4479 750 4529 for
756 4480 879 4544 probaret.
