3046 5092
398 328 464 378 XII.
495 329 579 378 KAL.
610 330 696 380 AUG.
727 330 814 382 NAT.
841 331 867 380 S.
896 330 1097 381 PRAXEDIS.
1315 328 1361 391 189

697 496 834 562 Secreta.

204 598 314 664 Sacris
325 599 484 664 altaribus
497 601 632 664 domine
644 600 769 664 hostias
779 603 1005 682 superpositas
1014 611 1148 665 sanctus
1163 599 1360 664 benedictus

155 704 339 767 quesumus
355 688 388 748 in
405 687 546 751 salutern
563 688 659 751 nobis
675 690 848 770 prouenire
864 689 1032 770 deposcat.
1050 708 1114 770 per.

672 809 854 889 Praefatio.

202 910 252 973 (D
292 919 425 972 aeterne
462 911 553 975 deus,
613 913 659 975 Et
695 912 835 994 gloriam
877 922 970 975 tuam
1009 909 1151 994 profusis
1189 909 1361 991 praecibus

155 1015 304 1059 exorare.
322 1007 358 1059 ut
374 998 430 1077 qui
447 998 534 1061 beati
551 999 717 1062 benedicti
733 998 929 1061 confessoris
945 999 993 1061 tui
1017 1017 1213 1061 ueneramur
1228 995 1313 1058 sesta
1327 1007 1361 1059 te

158 1082 345 1165 opitulante
359 1085 430 1146 eius
454 1086 641 1148 sanctitatis
666 1086 788 1149 imitari
819 1086 988 1148 ualeamus
1013 1083 1178 1166 exempla.
1206 1092 1243 1145 ut
1269 1083 1361 1145 cuius

157 1170 285 1232 meritis
301 1190 512 1251 nequaquam
529 1192 706 1253 possumus
722 1173 883 1256 coequari.
901 1172 971 1235 eius
987 1171 1159 1254 praecibus
1176 1189 1362 1232 mereamur

157 1257 317 1320 adiuuari.
334 1278 394 1338 per
405 1258 573 1321 christum.

615 1380 677 1442 Ad
686 1377 912 1461 complendum.

203 1480 361 1562 Protegat
377 1503 438 1545 nos
453 1483 588 1546 domine
608 1504 685 1547 cum
710 1485 758 1548 tui
784 1484 995 1567 perceptione
1019 1482 1216 1546 sacramenti
1244 1481 1361 1544 beatus

157 1566 354 1667 benedictus
370 1569 458 1633 abba
470 1590 530 1652 pro
540 1571 635 1633 nobis
651 1571 895 1634 intercedendo.
912 1581 949 1634 ut
965 1579 999 1632 et
1014 1569 1275 1633 conuersationis
1291 1569 1361 1631 eius

155 1673 371 1736 expenamur
386 1657 535 1739 insignia.
552 1677 617 1738 per.
930 1677 940 1685 ·

228 1852 317 1916 Inus
342 1850 419 1916 lun.
442 1852 688 1916 Tunnsnnrro
712 1851 854 1917 Sancar
879 1851 1101 1917 Suurruunr
1127 1851 1306 1915 Errscorr.

203 1964 296 2027 Deus
323 1965 379 2046 qui
407 1965 502 2029 iubar
526 1965 709 2028 aetherium
733 1966 917 2028 antistitem
942 1965 1159 2028 suuithunum
1186 1961 1362 2036 modernal

156 2060 348 2133 temporum
365 2052 522 2134 dignatus
538 2072 572 2114 es
590 2053 716 2116 mundo
731 2052 884 2115 reuelare.
895 2053 1087 2134 suppliciter
1101 2061 1192 2115 tuam
1207 2052 1361 2133 implora-

159 2157 234 2201 mus
249 2140 528 2221 omnipotentiam
553 2139 710 2220 quatinus
737 2160 796 2221 per
818 2138 962 2221 gloriosa
986 2139 1088 2222 ipsius
1113 2139 1218 2202 sancti
1244 2139 1362 2201 merita

159 2244 259 2305 quern
290 2224 371 2287 sacis
401 2245 572 2288 coruscare
602 2225 705 2306 signis
743 2225 985 2289 miraculorum.
1012 2225 1171 2308 praebeas
1202 2225 1298 2288 nobis
1329 2235 1361 2287 te

157 2311 422 2394 supplicantibus
444 2309 601 2394 [famulis.
618 2313 767 2375 omnium
791 2313 995 2375 incrementa
1016 2313 1177 2376 uirtutum
1216 2310 1272 2393 [fo.
1293 2312 1360 2390 136.

157 2407 193 2460 et
207 2399 430 2480 sempiternae
446 2399 612 2462 felicitatis
628 2400 819 2481 tripudium.
836 2419 902 2481 per.

695 2535 831 2599 Secreta.

203 2646 328 2709 Munus
338 2648 428 2728 quod
445 2648 504 2710 tibi
520 2647 688 2710 offerimus
704 2648 839 2710 domine
850 2667 1039 2728 quesumus.
1052 2656 1221 2728 gratanter
1232 2646 1362 2728 suscipe

157 2742 192 2794 et
218 2732 422 2815 suffragante
447 2734 535 2796 beati
560 2734 757 2797 confessoris
784 2735 833 2796 tui
863 2733 1033 2796 suuithuni
1065 2745 1165 2814 atque
1195 2731 1360 2814 pontificis

160 2819 401 2882 intercessione.
412 2840 528 2883 omnes
544 2831 731 2883 nostrorum
749 2840 857 2883 nexus
873 2821 1103 2902 peccaminum
1113 2820 1231 2882 soluat.
1244 2839 1282 2882 ac
1294 2819 1360 2882 luc·

159 2926 232 2969 rum
248 2908 520 2988 sempiternitatis
537 2907 631 2969 nobis
648 2907 809 2988 adquirat.
826 2927 891 2988 per.

616 3045 677 3106 Ad
688 3043 912 3124 complendum.

203 3154 297 3217 Deus
308 3155 365 3235 qui
375 3174 434 3236 per
442 3165 595 3218 sanctum
608 3155 829 3217 consessorem
840 3165 936 3220 tuum
947 3155 1128 3218 antistitem
1141 3153 1358 3217 suuithunum

159 3241 302 3303 mederis
318 3241 530 3322 languoribus
557 3241 761 3304 infirmorum
788 3243 934 3304 concede
959 3243 1054 3304 nobis
1081 3252 1175 3304 tuum
1203 3242 1359 3303 iuuamen

159 3347 217 3408 per
228 3329 299 3390 eius
316 3328 569 3409 implorantibus
582 3329 858 3391 interuentionem
874 3328 1056 3409 praesentis
1068 3329 1156 3390 uitae
1169 3328 1261 3408 fungi
1273 3326 1360 3389 salu·

161 3413 278 3478 britate
289 3425 322 3476 et
338 3415 460 3477 ciuium
476 3435 694 3497 supernorum
711 3416 877 3478 societate.
894 3435 952 3496 per
966 3415 1139 3477 dominum
1157 3424 1315 3477 nostrum.

207 3619 272 3669 xn.
298 3606 390 3669 Kar..
415 3607 511 3670 Auo.
536 3607 693 3671 Numen
709 3607 894 3673 sulem
920 3608 1109 3671 Punxnnrs
1135 3608 1323 3672 Untonns.

201 3717 257 3779 Da
272 3736 453 3798 quesumus
469 3720 679 3800 omnipotens
694 3717 776 3781 deus
793 3721 841 3782 ut¹
852 3718 950 3796 beate
965 3720 1122 3801 praxedis
1131 3720 1267 3801 uirginis
1283 3729 1361 3782 tuae

159 3803 313 3866 natalicia
337 3805 477 3867 colimus
503 3806 588 3867 sicut
611 3824 722 3868 annua
748 3805 995 3887 sollempnitate
1019 3806 1189 3868 laetamur.
1206 3807 1252 3868 sic
1269 3815 1360 3869 tante

158 3888 242 3954 illius
258 3891 337 3953 fidei
352 3890 563 3973 proficiamus
579 3891 745 3973 exemplo.
760 3912 826 3974 per.

693 4011 830 4075 Secreta.

200 4112 340 4196 Suscipe
366 4133 547 4195 quesumus
571 4115 706 4177 domine
731 4114 776 4178 ob
801 4116 960 4178 honorem
985 4135 1097 4178 sacrae
1124 4116 1259 4197 uirginis
1282 4125 1360 4179 tuae

156 4200 314 4281 praxedis
343 4220 463 4263 munus
486 4201 645 4264 oblatum.
669 4213 703 4264 et
729 4203 820 4283 quod
844 4203 965 4264 nostris
988 4203 1119 4283 assequi
1144 4203 1268 4265 meritis
1292 4223 1358 4266 non

153 4286 308 4435 ‹quiernus
339 4287 487 4350 eiusdem
518 4287 776 4369 suffragantibus
802 4289 926 4351 meritis
956 4288 1074 4370 largire
1104 4289 1274 4371 propitius.
1303 4310 1361 4372 per

177 4392 340 4437 ominum.

470 4488 479 4522 ¹
497 4492 623 4557 Probably
633 4493 681 4558 qui
690 4492 781 4543 should
792 4493 825 4543 be
835 4492 945 4544 inserted
956 4493 1023 4546 here.
