3046 5092
152 306 201 372 104
358 306 435 361 11111.
463 306 549 359 m
578 304 697 359 narr:
728 304 936 359 camon
967 304 998 359 S.
1025 302 1153 357 Perna

605 472 669 539 Ad
676 472 904 559 micam.

199 574 253 643 Sit
275 576 373 641 nobis
398 576 534 643 domine
556 576 722 662 reparatio
744 576 867 641 mentis
888 584 924 641 et
942 574 1089 661 corporis
1113 572 1260 641 caeleate
1276 590 1352 657 my-

154 663 299 728 sterium.
323 671 361 729 ut
381 663 475 729 cuius
497 663 696 749 exequimur
716 664 882 729 actionem
904 662 1088 727 sentiamus
1108 660 1276 727 effectum.
1292 678 1356 743 per

154 749 326 815 dominum
341 760 500 816 nostrum.

153 916 264 1003 [x1111.
280 918 372 985 Kar.
388 919 511 985 Mans.
527 919 685 985 Narras
706 920 883 987 Sanctae
905 920 1094 985 luuram
1116 914 1356 1001 Manrunrs¹1

201 1028 426 1115 Omnipotens
440 1032 641 1115 sempiterne
655 1033 739 1097 deus
752 1032 809 1115 qui
825 1030 956 1096 infirma
969 1031 1086 1096 mundi
1100 1030 1197 1114 eligis
1205 1038 1246 1094 ut
1255 1029 1357 1093 sortia

156 1138 309 1202 quaeque
322 1118 515 1184 confundas
530 1119 575 1183 da
596 1120 693 1185 nobis
708 1120 740 1183 in
756 1119 938 1184 lestiuitate
951 1127 1088 1183 sanctae
1103 1116 1261 1200 martyris
1275 1126 1356 1180 tuae

157 1204 301 1270 iulianae
323 1223 470 1288 congrua
498 1206 678 1271 deuotione
706 1205 852 1289 gaudere
877 1215 912 1270 et
937 1215 975 1269 ut
1000 1205 1186 1288 potentiam
1210 1212 1307 1267 tuam
1322 1203 1356 1265 in

156 1292 229 1357 eius
239 1290 394 1376 passione
408 1291 590 1357 laudemus
605 1301 639 1357 et
654 1294 825 1375 prouisum
839 1292 937 1358 nobis
951 1292 1172 1376 percipiamus
1181 1288 1356 1355 auxilium

155 1396 223 1463 per.

688 1490 827 1556 Secreta.

204 1592 243 1657 In
259 1602 395 1658 sanctae
409 1595 563 1677 martyris
578 1603 656 1659 tuae
675 1594 819 1660 iulianae
832 1594 988 1679 passione
1003 1593 1156 1677 pretiosa
1170 1599 1208 1657 te
1222 1592 1358 1657 domine

160 1680 345 1745 mirabilem
387 1682 624 1764 praedicantes
664 1702 801 1747 munera
839 1682 955 1746 uotiua
993 1680 1182 1745 deferimus.
1224 1686 1359 1762 praesta

159 1786 340 1850 quesumus
355 1776 392 1832 ut
406 1768 493 1833 sicut
506 1769 578 1833 eius
599 1768 661 1833 tibi
682 1779 779 1851 grata
800 1778 881 1834 sunt
902 1768 1026 1833 merita
1045 1767 1093 1831 sic
1107 1775 1245 1832 nostrae
1257 1764 1361 1830 serui·

60 1924 63 1931 ,
158 1853 241 1919 tutis
255 1863 394 1938 accepta
407 1856 588 1921 reddantur
601 1852 732 1939 [officia
750 1875 811 1939 per
824 1856 1007 1920 dominum.
1189 1848 1360 1939 [fo117v.

611 1974 676 2040 Ad
684 1972 910 2058 complendum.

205 2071 366 2139 Libantes
391 2073 526 2139 domine
552 2092 667 2139 mense
696 2084 774 2139 tuae
797 2072 896 2139 beata
921 2073 1089 2157 mysteria
1113 2090 1298 2155 quesumus
1323 2078 1361 2135 ut

161 2168 297 2225 sanctae
319 2159 441 2240 iuliane
463 2161 618 2244 martyris
643 2171 722 2226 tuae
747 2158 1055 2225 interuentionibus
1080 2168 1115 2223 et
1139 2156 1359 2242 temporalem

161 2246 259 2311 nobis
274 2247 531 2313 misericordiam
546 2247 673 2313 tribuas
687 2258 722 2312 et
735 2256 915 2312 aeternam.
929 2266 997 2330 per.

214 2430 292 2480 vm.
316 2416 410 2481 Kar„
434 2416 556 2481 Mane.
580 2416 789 2483 Crannona
812 2416 954 2482 sanem
978 2416 1094 2481 Parni
1117 2414 1318 2480 Arosronr

208 2528 300 2591 Deus
315 2529 372 2610 qui
387 2528 488 2592 beato
502 2529 662 2611 apostolo
679 2540 774 2612 petro
789 2528 928 2592 conlatis
945 2529 1093 2592 clauibus
1108 2528 1202 2610 regni
1212 2525 1361 2590 caelestis

164 2617 292 2679 animas
308 2617 432 2697 ligandi
448 2625 549 2698 atque
575 2616 726 2680 soluendi
751 2615 957 2698 pontificium
974 2617 1147 2679 tradidisti.
1164 2614 1312 2677 concede
1327 2621 1362 2674 ut

166 2704 406 2766 intercessionis
435 2704 505 2765 eius
536 2704 670 2769 auxilio.
700 2723 720 2766 a
750 2714 962 2785 peccatorum
1000 2712 1188 2766 nostrorum
1220 2700 1361 2763 nexibus

166 2790 349 2854 liberemur.
365 2811 430 2871 per.
457 2796 459 2800 ’

698 2903 836 2967 Secreta.

212 3006 404 3070 Aecclesiae
427 3015 506 3069 tuae
535 3026 715 3089 quesumus
745 3007 880 3071 domine
904 3027 1039 3089 praeces
1066 3015 1099 3068 et
1124 3004 1251 3066 hostias
1277 3002 1364 3065 beati

170 3095 253 3176 petri
279 3093 421 3176 apostoli
446 3093 494 3156 tui
518 3095 730 3157 commendet
754 3096 867 3157 oratio.
895 3104 933 3157 ut
957 3093 1048 3177 quod
1064 3113 1124 3173 pro
1149 3090 1237 3153 illius
1262 3089 1365 3172 gloria

170 3180 395 3245 caelebramus
410 3179 506 3242 nobis
521 3178 672 3263 proficiat
687 3181 729 3243 ad
746 3182 885 3244 ueniam.
903 3202 967 3264 per.

677 3295 858 3377 Praefatrb.

97 3454 100 3459 ⁴
217 3401 266 3464 iffi)
289 3408 423 3462 aeterne
445 3400 534 3463 deus,
581 3399 626 3462 Et
649 3409 683 3463 te
705 3399 839 3463 laudare
863 3399 1047 3463 mirabilem
1070 3399 1171 3460 deum
1196 3397 1229 3458 in
1246 3394 1366 3458 sanctis

174 3487 247 3550 tuis
264 3487 297 3548 in
321 3485 441 3567 quibus
466 3485 668 3568 glorificatus
691 3507 728 3549 es
754 3488 976 3550 uehementer.
1024 3487 1085 3548 Per
1107 3504 1192 3566 quos
1206 3480 1367 3564 unigeniti

174 3575 221 3638 tui
238 3593 368 3636 sacrum
391 3593 510 3654 corpus
533 3593 684 3636 exornas.
708 3583 741 3637 et
765 3575 797 3636 in
821 3574 941 3655 quibus
964 3572 1143 3635 aecclesiae
1158 3580 1237 3633 tuae
1253 3568 1365 3631 lunda·

176 3669 289 3724 menta
312 3661 494 3723 constituis.
540 3658 650 3742 Quam
678 3661 711 3722 in
739 3661 933 3743 patriarchis
960 3659 1112 3722 fundasti.
1138 3659 1172 3719 in
1199 3654 1366 3739 prophetis
1388 3675 1413 3717 ε

175 3747 379 3831 praeparasti
395 3747 427 3808 in
450 3747 610 3828 apostolis
632 3749 818 3811 condidisti.
865 3748 920 3809 Ex
944 3748 1063 3829 quibus
1086 3747 1223 3807 beatum
1240 3753 1413 3826 petrumt

175 3832 402 3916 apostolorum
419 3834 609 3916 principem.
626 3835 670 3897 ob
686 3834 926 3897 consessionem
943 3833 1104 3915 unigeniti
1122 3831 1179 3893 filii
1196 3832 1244 3894 tui
1261 3849 1318 3912 per
1331 3846 1409 3889 οε».

175 3921 323 3985 eiusdem
334 3920 425 3983 uerbi
436 3920 483 3983 tui
499 3919 738 3984 confirmatum.
749 3923 782 3984 in
796 3921 1013 3985 fundamento
1025 3921 1144 3982 domus
1154 3927 1232 3981 tuae
1244 3924 1413 3980 mutato

177 4009 312 4071 nomine
333 4006 523 4071 caelestium
547 4007 772 4071 claustrorum.
789 4007 973 4090 praesulem
997 4007 1237 4086 custodemque
1260 4000 1413 4066 recise:

177 4094 291 4158 diuino
306 4094 336 4157 ei
352 4094 421 4157 iure
436 4113 593 4157 concesso
616 4104 652 4158 ut
668 4115 753 4177 quae
768 4096 939 4159 statuisset
955 4095 988 4157 in
1004 4093 1098 4157 terris
1114 4098 1322 4155 seruarentur
1334 4087 1413 4150 ἰ·-

177 4182 284 4246 caelis.
320 4179 421 4245 Cuius
433 4180 558 4244 honore
574 4181 627 4245 uel
643 4181 748 4264 gloria
763 4182 923 4246 hodierna
940 4181 1103 4244 maiestati
1120 4178 1213 4264 [tuae
1228 4176 1284 4261 [lc.
1304 4175 1406 4239 118.

178 4268 260 4332 haec
287 4268 371 4332 festa
391 4268 595 4351 percolimus.
620 4279 654 4332 et
675 4270 856 4352 gratiarum
880 4289 918 4332 ac
938 4269 1046 4332 laudis
1062 4267 1205 4330 hostiam
1224 4260 1387 4328 immola-

180 4374 262 4419 mus
278 4375 337 4440 per
351 4354 519 4420 christum.

372 4468 380 4503 ¹
398 4473 454 4525 The
464 4473 574 4541 heading
584 4473 614 4525 of
626 4474 670 4526 the
680 4473 1016 4541 fouovingmasshasbeen
1026 4473 1121 4524 erased
