3046 5092
482 274 586 324 snas.
607 274 656 324 m
674 274 739 324 ΧΗ.
767 258 1028 328 [aenomaus

687 451 824 519 Secreta.

197 553 420 630 Sacrificium†
435 554 571 618 domine
596 576 775 637 quesumus
791 557 954 639 propitius
969 554 1032 620 ista
1047 577 1108 620 nos
1123 554 1253 621 saluent
1264 576 1353 640 quae

154 643 406 707 medicinalibus
422 653 499 705 sunt
515 644 667 706 instituta
683 644 817 707 ieiuniis.
834 664 892 727 per
907 645 1079 708 dominum
1094 653 1253 710 nostrum

662 771 842 852 Praefatio.

197 880 263 963 (tl)
288 893 400 945 eterne
420 883 510 945 deus.
556 881 644 964 Quia
666 892 894 963 competenter
915 891 1015 966 atque
1035 883 1209 947 salubriter
1227 883 1284 966 [so.
1298 897 1351 963 45.

155 969 307 1051 religiosa
330 979 407 1032 sunt
430 969 526 1031 nobis
550 969 700 1032 instituta
723 970 851 1032 ieiunia.
878 981 915 1033 ut
938 991 1113 1053 corporeae
1138 973 1352 1035 iocunditatis

154 1056 378 1118 inmoderatas
405 1076 614 1119 coerceamus
639 1056 827 1120 inlecebras.
874 1057 919 1121 Et
955 1068 1084 1135 terrene
1121 1058 1353 1121 delectationis

155 1143 332 1205 insolentia
344 1143 505 1206 refrenata
516 1145 627 1224 purior
638 1153 738 1224 atque
748 1144 952 1225 tranquillior
963 1145 1129 1227 appetitus
1139 1147 1182 1208 ad
1194 1145 1353 1207 caelestia

152 1230 412 1312 contemplanda
423 1230 580 1310 mysteria
592 1228 738 1294 fidelium
749 1231 905 1294 reddatur
914 1232 1106 1295 animarum.
1117 1253 1176 1314 per
1189 1231 1351 1295 christum

154 1317 328 1381 dominum
344 1326 502 1380 nostrum.

599 1415 662 1479 Ad
672 1415 895 1498 complendum.

197 1520 346 1583 Tuorum
363 1538 424 1582 nos
440 1519 575 1583 domine
587 1519 740 1601 largitate
754 1521 916 1585 donorum
933 1529 967 1584 et
982 1519 1218 1604 temporalibus
1234 1520 1353 1585 attolle

156 1607 335 1692 praesidiis.
351 1615 385 1670 et
400 1627 524 1671 renoua
538 1607 754 1691 sempiternis.
766 1627 832 1689 per.

615 1739 724 1821 Super
725 1740 887 1823 populum.

199 1854 254 1917 Da
269 1873 448 1936 quesumus
471 1852 607 1916 domine
622 1852 752 1937 populis
775 1852 967 1917 christianis.
990 1861 1024 1916 et
1046 1872 1131 1934 quae
1154 1852 1352 1935 profitentur

155 1961 334 2017 agnoscere
367 1951 400 2003 et
430 1940 572 2004 caeleste
602 1961 721 2004 munus
751 1941 886 2024 diligere
915 1941 1002 2023 quod
1035 1938 1254 2022 frequentant.
1293 1961 1353 2025 per

155 2029 328 2093 dominum
345 2037 502 2092 nostrum.

656 2203 775 2267 Fama
789 2202 853 2268 Vl.

198 2341 329 2405 Adesto
353 2340 488 2404 domine
512 2338 674 2422 propitius
700 2338 788 2421 plebi
806 2348 899 2401 tuae.
921 2347 955 2400 et
979 2358 1079 2420 quam
1103 2337 1165 2401 tibi
1181 2337 1264 2401 lacis
1280 2358 1353 2402 esse

153 2429 311 2492 deuotam
329 2428 474 2510 benigno
489 2426 600 2489 resoue
616 2427 788 2489 miseratus
804 2425 936 2489 auxilio.
952 2445 1018 2508 per.

686 2552 822 2617 Secreta.

200 2661 338 2742 Suscipe
361 2678 542 2741 quesumus
565 2657 698 2719 domine
715 2678 852 2720 munera
874 2658 993 2719 nostris
1009 2657 1122 2721 oblata
1144 2658 1297 2722 seruitiis.
1320 2669 1353 2721 et

154 2760 212 2812 tua
229 2748 391 2832 propitius
408 2748 497 2808 dona
512 2744 688 2808 sanctifica.
704 2764 763 2826 per
779 2744 959 2807 dominum.

667 2872 847 2952 Praefatio.

201 2992 250 3055 (l)
271 2998 403 3051 aeterne
425 2989 514 3050 deus.
561 2983 627 3065 Qui
652 2985 762 3046 ieiunii
784 2984 1017 3047 obseruatione
1040 2994 1073 3047 et
1094 2985 1352 3048 elemosinarum

155 3079 345 3163 gratissima
371 3075 544 3156 largitione
569 3092 629 3134 nos
654 3071 793 3133 docuisti
819 3081 1002 3133 nostrorum
1029 3074 1186 3153 consequi
1207 3074 1354 3136 remedia

157 3177 378 3250 pcccatorum.
442 3161 541 3224 Unde
584 3168 675 3221 tuam
718 3157 931 3239 imploramus
969 3158 1189 3222 clementiam.
1231 3170 1267 3222 ut
1305 3160 1354 3222 his

155 3249 449 3316 obseruationibus,
463 3258 496 3309 et
509 3247 625 3308 ceteris
641 3246 801 3307 bonorum
812 3265 946 3326 operum
960 3245 1223 3308 exhibitionibus
1236 3248 1354 3309 muniti

155 3363 194 3404 eu
210 3357 391 3421 operemur.
408 3334 527 3416 quibus
540 3335 582 3396 ad
599 3344 732 3395 aeterna
747 3333 868 3412 gaudia
877 3333 1108 3413 consequenda
1118 3344 1151 3396 et
1164 3353 1242 3414 spes
1259 3335 1355 3397 nobis

156 3436 312 3510 suppetat
328 3434 362 3486 et
375 3423 521 3486 facultas
538 3441 596 3502 per
611 3420 777 3482 christum.

604 3549 665 3611 Ad
672 3547 895 3628 complendum.

201 3656 262 3717 Per
277 3653 373 3714 huius
385 3650 520 3713 domine
533 3649 757 3730 operationem
771 3646 917 3727 mysterii
928 3654 961 3707 et
971 3645 1051 3708 uitia
1061 3644 1191 3729 snostra
1208 3644 1268 3733 [lo.
1283 3661 1355 3728 45v.

156 3752 345 3827 purgentur.
362 3750 395 3801 et
407 3740 492 3800 iusta
508 3736 672 3798 desideria
688 3734 894 3815 impleantur.
911 3753 976 3815 per.

620 3854 727 3934 Super
732 3853 893 3934 populum.

202 3963 335 4028 Exaudi
354 3981 414 4023 nos
432 3959 613 4022 misericors
638 3960 719 4019 deus
744 3967 776 4018 et
804 3954 969 4017 mentibus
994 3956 1115 4018 nostris
1143 3958 1254 4039 gratie
1280 3969 1356 4022 tuae

156 4056 267 4116 lumen
284 4050 431 4113 ostende.
448 4067 506 4128 per
521 4046 693 4109 dominum
711 4051 868 4107 nostrum.

478 4205 648 4269 Snaanro
665 4216 705 4265 ru
725 4216 789 4264 xu.
807 4200 1069 4264 an‘rroumus

203 4336 363 4421 l'opulum
381 4344 474 4397 tuum
491 4352 671 4414 quesumus
695 4330 829 4393 domine
852 4329 1014 4412 propitius
1037 4329 1172 4412 respice.
1197 4341 1298 4413 atque
1314 4331 1355 4394 ab

154 4446 194 4487 eo
213 4424 342 4506 flagella
359 4432 435 4486 tuae
448 4421 638 4483 iracundiae
654 4419 832 4481 clementer
846 4426 965 4480 auerte.
982 4436 1047 4497 per.
