3046 5092
391 355 462 405 IIII.
492 355 580 406 NON.
611 356 684 409 IUL.
720 358 848 408 TRANS.
872 357 906 408 S.
937 358 1112 408 MARTINI.
1313 356 1358 416 187

157 506 349 586 peragenda
384 527 423 571 ea
452 527 539 589 quae
576 509 691 573 docuit
727 511 797 573 eius
835 508 975 574 obtentu
1014 508 1167 572 fidelibus
1196 508 1360 572 tribuatur

157 589 312 655 efficacia.
359 592 556 676 Sentiatque
573 597 778 660 credentium
794 597 945 678 gentium
967 596 1147 660 multitudo
1162 615 1238 658 eum
1249 616 1309 677 pro
1324 615 1360 657 se

157 679 248 758 apud
274 688 307 742 te
330 680 579 745 intercessorem
603 703 702 764 quem
719 683 840 746 habere
859 705 894 746 se
918 685 1014 746 nouit
1038 683 1234 765 magistrum
1259 691 1359 763 atque

158 765 343 829 doctorem.
359 788 418 849 per
432 768 592 832 christum
608 770 782 833 dominum
799 781 957 833 nostrum.

613 889 676 951 Ad
685 889 912 970 complendum.

204 984 371 1067 Perceptis
387 987 522 1050 domine
535 990 750 1051 sacramentis
767 990 872 1052 beatis
888 989 1048 1071 apostolis
1064 987 1359 1051 interuenientibus

160 1070 405 1152 depraecamur.
423 1085 460 1136 ut
483 1095 569 1155 quae
592 1096 653 1156 pro
677 1076 808 1138 illorum
835 1075 1002 1138 celebrata
1028 1086 1105 1137 sunt
1132 1075 1237 1156 gloria
1263 1074 1359 1137 nobis

159 1156 334 1238 proficiant
351 1160 393 1222 ad
411 1162 585 1224 medelam.
601 1182 661 1244 per
676 1164 850 1225 dominum
868 1173 1025 1225 nostrum.

158 1361 205 1411 vr.
223 1349 253 1411 N
257 1365 320 1415 os.
332 1352 408 1417 Iun.
426 1353 584 1417 Names
601 1353 837 1419 Snucronurr
857 1356 1091 1419 Processrar
1108 1354 1359 1416 Mnnrmmur.

204 1475 296 1539 Deus
307 1478 362 1558 qui
380 1499 441 1541 nos
451 1490 642 1543 sanctorum
654 1490 787 1544 tuorum
804 1481 948 1562 processi
959 1489 992 1543 et
1005 1479 1194 1541 martiniani
1205 1476 1359 1540 consessi-

156 1562 277 1625 onibus
300 1565 452 1645 gloriosis
479 1567 665 1629 circumdas
681 1577 714 1631 et
730 1568 886 1649 protegis,
899 1570 943 1630 da
959 1566 1055 1629 nobis
1071 1577 1103 1628 et
1120 1585 1234 1627 eorum
1251 1564 1360 1626 imita-

156 1649 249 1711 tione
265 1650 430 1731 proficere.
448 1663 481 1716 et
498 1653 732 1717 intercessione
747 1658 900 1735 gaudere.
922 1674 987 1736 per.

679 1780 833 1866 [Secreta.
1193 1778 1249 1860 [so.
1270 1794 1359 1857 134v.

203 1876 342 1960 Suscipe
367 1880 503 1942 domine
527 1901 663 1962 praeces
690 1894 723 1945 et
749 1902 887 1945 munera
911 1902 997 1962 quae
1023 1891 1060 1944 ut
1085 1890 1144 1944 tuo
1167 1880 1234 1942 sint
1257 1879 1360 1959 digna

157 1967 359 2061 conspectui.
384 1978 575 2030 sanctorum
599 1979 733 2032 tuorum
757 1969 930 2051 praecibus
954 1969 1160 2031 adiuuemur.
1185 1986 1243 2049 per
1265 1966 1360 2028 dom-

158 2069 259 2113 mum.
780 2088 785 2096 ·

614 2158 676 2221 Ad
686 2157 911 2240 corripiendum.

202 2254 358 2336 Corporis
373 2257 456 2318 sacri
473 2267 506 2320 et
522 2258 678 2339 praetiosi
688 2258 859 2339 sanguinis
875 2257 990 2339 repleti
1007 2256 1164 2319 libamine
1179 2273 1360 2337 quesumus

157 2341 295 2404 domine
325 2342 408 2405 deus
439 2355 559 2407 noster.
590 2355 628 2407 ut
658 2346 748 2425 quod
786 2346 842 2426 pia
879 2345 1058 2408 deuotione
1095 2343 1241 2425 gerimus
1271 2349 1361 2403 certa

160 2426 389 2510 redemptione
405 2431 583 2512 capiamus.
601 2451 660 2513 per
674 2431 848 2494 dominum
864 2441 1023 2494 nostrum.

194 2637 261 2687 1111.
287 2624 382 2688 Nou.
409 2626 485 2690 lur..
510 2627 756 2692 Transcurro
780 2627 921 2693 Snucrr
947 2628 1120 2691 Manrrur
1145 2626 1324 2689 Errscorn

202 2749 296 2812 Deus
312 2751 368 2831 qui
385 2750 510 2831 populo
526 2760 585 2814 tuo
600 2760 754 2814 aeternae
770 2751 886 2814 salutis
902 2751 1037 2814 beatum
1052 2751 1231 2813 martinum
1249 2747 1361 2810 minis-

157 2846 246 2899 trum
257 2837 457 2900 concessisti.
471 2848 604 2919 praesta
613 2847 952 2919 quesumusutquem
964 2837 1134 2900 doctorem
1145 2837 1234 2899 uitae
1243 2834 1360 2897 habui-

159 2941 233 2985 mus
257 2923 289 2985 in
314 2924 415 2985 terris.
431 2925 684 2987 intercessorem
704 2944 836 3005 semper
858 2924 979 2987 habere
1004 2943 1188 2986 mereamur
1204 2923 1236 2983 in
1253 2920 1360 2983 caelis.

157 3028 217 3090 per
232 3010 407 3072 dominum
424 3021 584 3074 nostrum.

634 3121 663 3187 S
663 3133 742 3202 uper
752 3120 885 3197 oblata.†

202 3219 345 3300 Respice
361 3219 496 3283 domine
512 3241 692 3302 quesumus
709 3220 870 3303 populum
895 3231 989 3285 tuum
1013 3221 1056 3282 ad
1080 3229 1139 3283 tua
1154 3227 1361 3282 sacramenta

155 3316 345 3370 currentem
373 3307 405 3368 in
433 3309 597 3389 praesenti
623 3307 804 3371 sestiuitate
828 3309 933 3370 sancti
961 3307 1158 3370 confessoris
1185 3307 1233 3369 tui
1260 3316 1361 3386 atque

157 3391 324 3475 pontificis
341 3394 481 3457 martini.
499 3403 536 3456 ut
551 3395 641 3475 quod
658 3395 690 3456 in
705 3395 829 3457 honore
841 3395 888 3457 tui
901 3395 1044 3457 nominis
1053 3393 1252 3456 detulerunt.
1263 3411 1362 3455 cunc·

156 3481 199 3542 tis
214 3479 320 3562 prosit
335 3481 378 3543 ad
400 3481 541 3543 ueniam.
558 3501 624 3563 per.

661 3592 841 3673 Praefatio.

200 3690 251 3754 (D
277 3699 411 3753 aeterne
436 3691 526 3754 deus.
574 3691 735 3756 Uotiuam
760 3693 848 3754 beati
872 3691 1038 3773 pontificis
1062 3691 1194 3754 martini
1221 3689 1360 3752 transla-

155 3778 282 3840 tionem
299 3777 355 3858 pia
369 3778 549 3840 deuotione
564 3778 798 3842 caelebrantes.
814 3788 913 3859 teque
933 3799 1054 3841 cernua
1069 3778 1248 3841 deuotione
1263 3796 1359 3838 exor-

156 3872 260 3926 antes.
286 3872 323 3925 ut
342 3865 452 3944 ipsum
483 3885 544 3927 nos
568 3865 658 3946 apud
689 3865 899 3928 clementiam
931 3875 1023 3928 tuam
1040 3866 1222 3927 sentiamus
1238 3863 1359 3925 habere

156 3960 344 4032 patronum.
361 3970 461 4031 quem
478 3960 536 4014 tua
552 3952 658 4033 gratia
681 3951 841 4033 largiente
863 3951 979 4015 salutis
1001 3961 1154 4015 aeternae
1179 3949 1360 4013 meruimus

156 4037 324 4118 suscipere
340 4037 535 4118 magistrum
552 4058 612 4120 per
626 4038 786 4102 christum
802 4039 976 4101 dominum
994 4048 1153 4101 nostrum.

613 4150 676 4212 Ad
684 4150 910 4231 complendum.

201 4245 421 4311 Sacramenta
446 4248 562 4312 salutis
587 4259 720 4313 nostrae
750 4251 976 4332 suscipientes.
1002 4250 1148 4312 concede
1178 4267 1358 4329 quesumus

156 4333 343 4397 misericors
359 4334 451 4397 deus.
469 4345 506 4398 ut
528 4336 617 4400 beati
642 4336 774 4400 martini
797 4336 994 4399 confessoris
1016 4336 1064 4399 tui
1089 4355 1149 4398 nos
1168 4334 1359 4397 intercessio

155 4420 281 4501 ubique
296 4420 441 4486 adiuuet.
458 4423 490 4484 in
507 4423 601 4486 cuius
616 4423 830 4486 ueneratione
846 4422 927 4485 haec
950 4432 1027 4485 tuae
1042 4422 1225 4485 obtulimus
1241 4420 1358 4483 maies-

155 4507 226 4571 tati.
242 4526 302 4589 per
317 4507 499 4573 dominum.
