3046 5092
162 287 208 338 118
467 289 583 339 FERIA
602 288 642 339 II.
662 289 759 339 POST
771 288 1057 339 PENTECOSTEN.

648 465 845 552 [Praefatio.
1215 466 1272 550 [fo.
1291 467 1309 529 8
1314 481 1362 546 5ν.

204 579 253 642 ffl
277 599 335 660 per
358 576 517 641 christum
545 578 718 642 dominum
746 589 905 642 nostrum.
936 577 1027 660 'Qui
1054 579 1239 642 ascendens
1262 600 1363 662 super

159 686 276 727 omnes
292 666 408 728 caelos.
425 666 611 748 sedensque
627 667 669 729 ad
686 668 861 729 dexteram
875 678 976 729 tuam.
993 667 1193 748 promissum
1206 667 1360 749 spiritum

160 762 312 815 sanctum
329 752 488 814 hodierna
511 754 565 815 die
589 755 623 815 in
649 752 733 816 filios
758 753 949 835 adoptionis
972 752 1098 815 effudit.
1145 753 1361 836 Quapropter

160 839 301 920 profusis
318 840 448 921 gaudiis
464 849 554 903 totus
571 841 603 902 in
621 839 701 902 orbe
717 852 877 903 terrarum
895 840 1038 902 mundus
1053 839 1195 903 exultat.
1242 839 1309 904 Sed
1326 851 1359 902 ct

158 946 320 1007 supernae
351 927 488 989 uirtutes
519 937 620 1007 atque
650 927 820 1008 angelicae
850 936 1035 1009 potestates
1064 947 1206 1008 ymnum
1233 927 1358 1010 gloriae

157 1022 234 1075 tuae
251 1014 437 1076 concinunt.
453 1015 524 1076 sine
540 1013 605 1076 fine
617 1014 774 1077 dicentes.

605 1151 705 1231 Infra
720 1151 881 1214 actionem.

202 1260 498 1326 Communicantes
528 1272 562 1326 et
593 1265 681 1326 diem
720 1265 979 1326 sacratissimum
1013 1273 1224 1347 pentecostes
1254 1263 1357 1326 caele-

158 1348 292 1411 brantes
308 1347 410 1430 quos†
424 1351 558 1431 spiritus
574 1362 709 1413 sanctus
726 1352 886 1434 apostolis
897 1352 930 1413 in
942 1353 1041 1414 uariis
1059 1352 1179 1433 linguis
1195 1351 1356 1433 apparuit.

159 1436 226 1500 Sed
242 1447 276 1499 et
293 1438 497 1500 memoriam.

701 1558 793 1622 Item.

204 1668 301 1732 Hanc
332 1669 432 1751 igitur
461 1668 664 1732 oblationem
696 1671 865 1733 seruitutis
896 1681 1037 1733 nostrae.
1064 1669 1122 1732 sed
1154 1678 1188 1733 et
1218 1680 1355 1733 cunctae

159 1755 303 1818 familiae
347 1767 425 1819 tuae
462 1777 563 1837 quam
602 1757 661 1819 tibi
700 1756 877 1820 offerimus.
916 1778 976 1840 pro
1014 1758 1064 1818 his
1103 1777 1238 1839 quoque
1275 1777 1354 1839 quos

158 1863 350 1923 regenerare
366 1845 524 1925 dignatus
540 1864 575 1905 es
602 1864 646 1906 ex
669 1864 756 1925 aqua
783 1854 817 1906 et
842 1845 958 1926 spiritu
986 1854 1111 1906 sancto.
1137 1846 1287 1908 tribuens
1310 1845 1353 1907 eis

157 1931 382 1993 remissionem
399 1931 547 1993 omnium
565 1941 785 2013 peccatorum.
801 1951 981 2013 quesumus
997 1932 1141 1995 domine.

615 2067 678 2131 Ad
688 2068 914 2149 conplendum.

200 2179 314 2243 Sancti
340 2179 475 2261 spiritus
500 2179 636 2243 domine
663 2183 764 2243 corda
788 2189 902 2242 nostra
929 2180 1068 2242 mundet
1096 2180 1228 2244 inlusio.
1251 2192 1284 2244 et
1305 2181 1347 2244 sui

156 2268 237 2330 roris
254 2268 372 2330 intima
387 2267 578 2349 aspersione
595 2266 761 2330 secundet.
779 2287 838 2349 per
852 2267 1035 2331 dominum.

669 2483 787 2544 Furem
813 2483 857 2546 ΙΙ.

200 2611 293 2673 Deus
320 2613 376 2692 qui
404 2612 564 2693 apostolis
590 2613 654 2674 tuis
685 2623 837 2674 sanctum
869 2613 989 2674 dedisti
1022 2614 1184 2693 spiritum.
1213 2611 1340 2675 concede

158 2698 246 2779 plebi
271 2711 355 2761 tuae.
383 2701 456 2780 piae
483 2701 652 2780 petitionis
683 2699 847 2760 effectum.
874 2710 909 2761 ut
940 2701 1060 2780 quibus
1092 2703 1215 2763 dedisti
1247 2701 1338 2761 fidem.

157 2785 305 2866 largiaris
321 2797 354 2847 et
371 2807 494 2867 pacem.
513 2807 570 2867 per
586 2788 757 2848 dominum
777 2798 934 2849 nostrum.

677 2922 815 2987 Secreta.

202 3036 367 3117 Propitius
394 3036 529 3097 domine
556 3056 736 3115 quesumus
762 3037 843 3097 haec
870 3037 959 3097 dona
982 3036 1161 3098 sanctifica.
1179 3046 1212 3098 et
1229 3033 1334 3098 hostiae

157 3123 313 3203 spiritalis
344 3124 513 3184 oblatione
544 3134 705 3204 suscepta.
738 3124 960 3204 nosmetipsos
993 3125 1052 3185 tibi
1084 3123 1206 3204 perfice
1237 3137 1332 3184 munus

157 3219 335 3271 aeternum.
354 3231 412 3290 per
427 3210 608 3271 dominum.

661 3338 843 3416 Prarfiztzir.

202 3449 250 3510 (D
275 3470 333 3529 per
349 3449 506 3512 christum
518 3451 690 3511 dominum
705 3462 861 3511 nostrum.
909 3449 974 3531 Qui
992 3451 1191 3530 promissum
1204 3448 1327 3535 spiritum

158 3536 367 3616 paraclytum
393 3558 492 3617 super
517 3538 696 3618 discipulos
723 3538 818 3598 misit.
845 3537 900 3617 qui
934 3538 965 3597 in
997 3538 1159 3618 principio
1191 3538 1328 3598 nascenti<

157 3622 337 3683 aecclesiae
353 3625 480 3685 cunctis
496 3625 650 3704 gentibus
668 3624 869 3705 imbueny'dis
894 3633 927 3685 et
952 3625 1085 3685 deitatis
1112 3627 1215 3685 scicn—
1231 3623 1278 3704 [lo.
1291 3611 1326 3704 863

158 3709 237 3769 tiam
283 3710 449 3771 indiceret.
489 3721 522 3773 et
567 3711 752 3791 linguarum
800 3711 1026 3772 diuersitatcm
1074 3712 1105 3771 in
1145 3713 1238 3772 unius
1270 3700 1326 3765 fider

156 3795 362 3858 consessione
393 3799 541 3860 sociaret.
596 3799 657 3859 Per
687 3818 786 3877 quem
818 3808 908 3858 tuam
942 3799 1150 3859 maiestatem
1189 3791 1325 3877 supplices

156 3903 333 3945 exoramus
364 3894 400 3945 ut
431 3886 522 3946 cuius
562 3885 787 3945 caelebramus
829 3885 1020 3945 aduentum.
1055 3885 1126 3965 ejus
1158 3872 1324 3946 multinodi

155 3971 282 4048 gratiae
299 3972 469 4051 capiamus
485 3970 649 4044 effectum.
667 3982 700 4033 et
717 3972 802 4032 idco.

199 4057 499 4120 Communicantes

199 4143 298 4205 Hanc
315 4146 414 4225 igitur
430 4155 467 4205 ut
480 4156 586 4225 sipara.

602 4273 665 4336 Ad
675 4273 903 4356 corrqolendmn.

197 4382 327 4445 Adesto
357 4383 492 4446 domine
522 4405 701 4465 quesumus
740 4385 864 4467 populo
894 4396 961 4447 tuo.
992 4393 1025 4446 et
1055 4405 1155 4466 quem
1187 4371 1322 4466 mysteriis
1386 4396 1388 4419 =

153 4471 350 4533 caelestibus
367 4472 521 4534 imbuisti.
540 4473 582 4535 ab
598 4473 743 4536 hostium
761 4474 868 4535 lurore
885 4473 1036 4537 defende.
1053 4494 1119 4555 per.
