<?xml version="1.0" encoding="UTF-8"?>
<!DOCTYPE html PUBLIC "-//W3C//DTD XHTML 1.0 Transitional//EN"
    "http://www.w3.org/TR/xhtml1/DTD/xhtml1-transitional.dtd">
<html xmlns="http://www.w3.org/1999/xhtml" xml:lang="en" lang="en">
 <head>
  <title>
</title>
<meta http-equiv="Content-Type" content="text/html;charset=utf-8" />
  <meta name='ocr-system' content='tesseract 3.04.00' />
  <meta name='ocr-capabilities' content='ocr_page ocr_carea ocr_par ocr_line ocrx_word'/>
</head>
<body>
  <div class='ocr_page' id='page_1' title='image "./missalrobertjum01wilsgoog_0080.png"; bbox 0 0 3046 5092; ppageno 0'>
   <div class='ocr_carea' id='block_1_1' title="bbox 562 301 1044 351">
    <p class='ocr_par' dir='ltr' id='par_1_1' title="bbox 562 301 1044 351">
     <span class='ocr_line' id='line_1_1' title="bbox 562 301 1044 351; baseline 0.004 -2"><span class='ocrx_word' id='word_1_1' title='bbox 562 301 719 350; x_wconf 78' lang='lat' dir='ltr'><em>NATALE</em></span> <span class='ocrx_word' id='word_1_2' title='bbox 743 302 769 350; x_wconf 92' lang='lat' dir='ltr'>S.</span> <span class='ocrx_word' id='word_1_3' title='bbox 798 302 1044 351; x_wconf 75' lang='lat' dir='ltr'><em>EADWEARDI.</em></span> 
     </span>
    </p>
   </div>
   <div class='ocr_carea' id='block_1_2' title="bbox 712 454 894 535">
    <p class='ocr_par' dir='ltr' id='par_1_2' title="bbox 712 454 894 535">
     <span class='ocr_line' id='line_1_2' title="bbox 712 454 894 535; baseline 0.005 -19"><span class='ocrx_word' id='word_1_4' title='bbox 712 454 894 535; x_wconf 61' lang='lat' dir='ltr'>Praefatio.</span> 
     </span>
    </p>
   </div>
   <div class='ocr_carea' id='block_1_3' title="bbox 198 564 1406 1083">
    <p class='ocr_par' dir='ltr' id='par_1_3' title="bbox 198 564 1406 1083">
     <span class='ocr_line' id='line_1_3' title="bbox 245 564 1404 647; baseline 0 -19"><span class='ocrx_word' id='word_1_5' title='bbox 245 565 294 628; x_wconf 74' lang='lat' dir='ltr'>(D</span> <span class='ocrx_word' id='word_1_6' title='bbox 310 575 444 626; x_wconf 81' lang='lat' dir='ltr'>aeterne</span> <span class='ocrx_word' id='word_1_7' title='bbox 467 565 556 627; x_wconf 84' lang='lat' dir='ltr'>deus</span> <span class='ocrx_word' id='word_1_8' title='bbox 604 564 670 646; x_wconf 85' lang='lat' dir='ltr'>Qui</span> <span class='ocrx_word' id='word_1_9' title='bbox 695 578 829 629; x_wconf 89' lang='lat' dir='ltr'>sanctos</span> <span class='ocrx_word' id='word_1_10' title='bbox 853 577 928 628; x_wconf 91' lang='lat' dir='ltr'>tuos</span> <span class='ocrx_word' id='word_1_11' title='bbox 952 586 1084 647; x_wconf 89' lang='lat' dir='ltr'>semper</span> <span class='ocrx_word' id='word_1_12' title='bbox 1106 565 1341 628; x_wconf 89' lang='lat' dir='ltr'>misericordia¹</span> <span class='ocrx_word' id='word_1_13' title='bbox 1370 575 1404 628; x_wconf 86' lang='lat' dir='ltr'>et</span> 
     </span>
     <span class='ocr_line' id='line_1_4' title="bbox 199 651 1402 733; baseline 0.002 -20"><span class='ocrx_word' id='word_1_14' title='bbox 199 651 408 733; x_wconf 89' lang='lat' dir='ltr'>subsequeris</span> <span class='ocrx_word' id='word_1_15' title='bbox 424 653 481 733; x_wconf 94' lang='lat' dir='ltr'>qui</span> <span class='ocrx_word' id='word_1_16' title='bbox 497 652 638 714; x_wconf 91' lang='lat' dir='ltr'>electum</span> <span class='ocrx_word' id='word_1_17' title='bbox 656 653 904 716; x_wconf 89' lang='lat' dir='ltr'>eaduueardum</span> <span class='ocrx_word' id='word_1_18' title='bbox 923 652 1178 715; x_wconf 83' lang='lat' dir='ltr'>misericorditer</span> <span class='ocrx_word' id='word_1_19' title='bbox 1200 653 1402 733; x_wconf 87' lang='lat' dir='ltr'>praeuenisti</span> 
     </span>
     <span class='ocr_line' id='line_1_5' title="bbox 198 739 1404 819; baseline 0.001 -19"><span class='ocrx_word' id='word_1_20' title='bbox 198 758 275 800; x_wconf 89' lang='lat' dir='ltr'>curn</span> <span class='ocrx_word' id='word_1_21' title='bbox 292 739 392 819; x_wconf 83' lang='lat' dir='ltr'>regali</span> <span class='ocrx_word' id='word_1_22' title='bbox 417 739 560 801; x_wconf 91' lang='lat' dir='ltr'>culmine</span> <span class='ocrx_word' id='word_1_23' title='bbox 584 749 674 800; x_wconf 91' lang='lat' dir='ltr'>caste</span> <span class='ocrx_word' id='word_1_24' title='bbox 697 760 733 802; x_wconf 95' lang='lat' dir='ltr'>se</span> <span class='ocrx_word' id='word_1_25' title='bbox 756 751 870 819; x_wconf 81' lang='lat' dir='ltr'>ageret</span> <span class='ocrx_word' id='word_1_26' title='bbox 894 749 927 802; x_wconf 90' lang='lat' dir='ltr'>et</span> <span class='ocrx_word' id='word_1_27' title='bbox 943 740 1124 802; x_wconf 88' lang='lat' dir='ltr'>clementer</span> <span class='ocrx_word' id='word_1_28' title='bbox 1139 739 1335 802; x_wconf 84' lang='lat' dir='ltr'>subsecutus</span> <span class='ocrx_word' id='word_1_29' title='bbox 1357 760 1404 801; x_wconf 90' lang='lat' dir='ltr'>es.</span> 
     </span>
     <span class='ocr_line' id='line_1_6' title="bbox 198 825 1405 908; baseline 0.002 -22"><span class='ocrx_word' id='word_1_30' title='bbox 198 845 274 887; x_wconf 92' lang='lat' dir='ltr'>cum</span> <span class='ocrx_word' id='word_1_31' title='bbox 298 825 491 888; x_wconf 91' lang='lat' dir='ltr'>innocenter</span> <span class='ocrx_word' id='word_1_32' title='bbox 520 836 698 888; x_wconf 82' lang='lat' dir='ltr'>necaretur.</span> <span class='ocrx_word' id='word_1_33' title='bbox 742 827 851 908; x_wconf 85' lang='lat' dir='ltr'>Quem</span> <span class='ocrx_word' id='word_1_34' title='bbox 876 826 919 889; x_wconf 95' lang='lat' dir='ltr'>ab</span> <span class='ocrx_word' id='word_1_35' title='bbox 941 827 1050 907; x_wconf 90' lang='lat' dir='ltr'>impiis</span> <span class='ocrx_word' id='word_1_36' title='bbox 1074 826 1240 907; x_wconf 90' lang='lat' dir='ltr'>priuatum</span> <span class='ocrx_word' id='word_1_37' title='bbox 1271 835 1405 908; x_wconf 87' lang='lat' dir='ltr'>sceptro</span> 
     </span>
     <span class='ocr_line' id='line_1_7' title="bbox 199 912 1406 994; baseline 0.002 -22"><span class='ocrx_word' id='word_1_38' title='bbox 199 921 329 973; x_wconf 88' lang='lat' dir='ltr'>terreno</span> <span class='ocrx_word' id='word_1_39' title='bbox 351 913 425 993; x_wconf 89' lang='lat' dir='ltr'>pius</span> <span class='ocrx_word' id='word_1_40' title='bbox 444 912 558 975; x_wconf 86' lang='lat' dir='ltr'>ditasti</span> <span class='ocrx_word' id='word_1_41' title='bbox 574 913 717 976; x_wconf 90' lang='lat' dir='ltr'>caelesti.</span> <span class='ocrx_word' id='word_1_42' title='bbox 733 915 825 976; x_wconf 92' lang='lat' dir='ltr'>cuius</span> <span class='ocrx_word' id='word_1_43' title='bbox 842 914 1029 976; x_wconf 89' lang='lat' dir='ltr'>interuentu</span> <span class='ocrx_word' id='word_1_44' title='bbox 1047 913 1214 994; x_wconf 92' lang='lat' dir='ltr'>poscimus</span> <span class='ocrx_word' id='word_1_45' title='bbox 1236 923 1273 975; x_wconf 93' lang='lat' dir='ltr'>ut</span> <span class='ocrx_word' id='word_1_46' title='bbox 1296 913 1406 976; x_wconf 87' lang='lat' dir='ltr'>dones</span> 
     </span>
     <span class='ocr_line' id='line_1_8' title="bbox 198 998 1227 1083; baseline 0.002 -23"><span class='ocrx_word' id='word_1_47' title='bbox 198 998 292 1060; x_wconf 92' lang='lat' dir='ltr'>nobis</span> <span class='ocrx_word' id='word_1_48' title='bbox 309 1007 438 1061; x_wconf 91' lang='lat' dir='ltr'>terrena</span> <span class='ocrx_word' id='word_1_49' title='bbox 450 1000 618 1080; x_wconf 90' lang='lat' dir='ltr'>despicere</span> <span class='ocrx_word' id='word_1_50' title='bbox 634 1009 668 1062; x_wconf 93' lang='lat' dir='ltr'>et</span> <span class='ocrx_word' id='word_1_51' title='bbox 680 1020 792 1062; x_wconf 93' lang='lat' dir='ltr'>amare</span> <span class='ocrx_word' id='word_1_52' title='bbox 808 1001 970 1064; x_wconf 90' lang='lat' dir='ltr'>caelestia.</span> <span class='ocrx_word' id='word_1_53' title='bbox 987 1020 1046 1083; x_wconf 93' lang='lat' dir='ltr'>per</span> <span class='ocrx_word' id='word_1_54' title='bbox 1057 1000 1227 1062; x_wconf 87' lang='lat' dir='ltr'>christum.</span> 
     </span>
    </p>
   </div>
   <div class='ocr_carea' id='block_1_4' title="bbox 652 1128 951 1208">
    <p class='ocr_par' dir='ltr' id='par_1_4' title="bbox 652 1128 951 1208">
     <span class='ocr_line' id='line_1_9' title="bbox 652 1128 951 1208; baseline 0.003 -17"><span class='ocrx_word' id='word_1_55' title='bbox 652 1129 715 1191; x_wconf 76' lang='lat' dir='ltr'>Ad</span> <span class='ocrx_word' id='word_1_56' title='bbox 726 1128 951 1208; x_wconf 81' lang='lat' dir='ltr'>complendmn.</span> 
     </span>
    </p>
   </div>
   <div class='ocr_carea' id='block_1_5' title="bbox 197 1237 1406 1493">
    <p class='ocr_par' dir='ltr' id='par_1_5' title="bbox 197 1237 1406 1493">
     <span class='ocr_line' id='line_1_10' title="bbox 242 1237 1405 1320; baseline 0.002 -21"><span class='ocrx_word' id='word_1_57' title='bbox 242 1237 382 1300; x_wconf 87' lang='lat' dir='ltr'>Purifica</span> <span class='ocrx_word' id='word_1_58' title='bbox 398 1259 458 1301; x_wconf 90' lang='lat' dir='ltr'>nos</span> <span class='ocrx_word' id='word_1_59' title='bbox 473 1239 609 1301; x_wconf 92' lang='lat' dir='ltr'>domine</span> <span class='ocrx_word' id='word_1_60' title='bbox 624 1260 805 1320; x_wconf 88' lang='lat' dir='ltr'>quesumus</span> <span class='ocrx_word' id='word_1_61' title='bbox 821 1249 956 1320; x_wconf 90' lang='lat' dir='ltr'>sumpto</span> <span class='ocrx_word' id='word_1_62' title='bbox 980 1240 1138 1320; x_wconf 89' lang='lat' dir='ltr'>mysterio</span> <span class='ocrx_word' id='word_1_63' title='bbox 1161 1238 1405 1302; x_wconf 91' lang='lat' dir='ltr'>interueniente</span> 
     </span>
     <span class='ocr_line' id='line_1_11' title="bbox 198 1324 1406 1422; baseline 0 -34"><span class='ocrx_word' id='word_1_64' title='bbox 198 1324 297 1422; x_wconf 79' lang='lat' dir='ltr'>beato</span> <span class='ocrx_word' id='word_1_65' title='bbox 327 1327 539 1390; x_wconf 85' lang='lat' dir='ltr'>eaduueardo</span> <span class='ocrx_word' id='word_1_66' title='bbox 570 1336 715 1408; x_wconf 88' lang='lat' dir='ltr'>martyre</span> <span class='ocrx_word' id='word_1_67' title='bbox 738 1336 797 1389; x_wconf 92' lang='lat' dir='ltr'>tuo</span> <span class='ocrx_word' id='word_1_68' title='bbox 824 1335 858 1388; x_wconf 90' lang='lat' dir='ltr'>et</span> <span class='ocrx_word' id='word_1_69' title='bbox 881 1327 932 1388; x_wconf 92' lang='lat' dir='ltr'>fac</span> <span class='ocrx_word' id='word_1_70' title='bbox 955 1347 1017 1389; x_wconf 92' lang='lat' dir='ltr'>nos</span> <span class='ocrx_word' id='word_1_71' title='bbox 1048 1327 1108 1389; x_wconf 92' lang='lat' dir='ltr'>tibi</span> <span class='ocrx_word' id='word_1_72' title='bbox 1138 1327 1267 1389; x_wconf 92' lang='lat' dir='ltr'>sincera</span> <span class='ocrx_word' id='word_1_73' title='bbox 1290 1335 1406 1388; x_wconf 90' lang='lat' dir='ltr'>mente</span> 
     </span>
     <span class='ocr_line' id='line_1_12' title="bbox 197 1431 409 1493; baseline 0.014 -20"><span class='ocrx_word' id='word_1_74' title='bbox 197 1431 327 1474; x_wconf 83' lang='lat' dir='ltr'>seruire.</span> <span class='ocrx_word' id='word_1_75' title='bbox 343 1433 409 1493; x_wconf 87' lang='lat' dir='ltr'>per.</span> 
     </span>
    </p>
   </div>
   <div class='ocr_carea' id='block_1_6' title="bbox 754 1512 845 1575">
    <p class='ocr_par' dir='ltr' id='par_1_6' title="bbox 754 1512 845 1575">
     <span class='ocr_line' id='line_1_13' title="bbox 754 1512 845 1575; baseline 0.011 -1"><span class='ocrx_word' id='word_1_76' title='bbox 754 1512 845 1575; x_wconf 79' lang='lat' dir='ltr'>Alia.</span> 
     </span>
    </p>
   </div>
   <div class='ocr_carea' id='block_1_7' title="bbox 196 1622 1405 1880">
    <p class='ocr_par' dir='ltr' id='par_1_7' title="bbox 196 1622 1405 1880">
     <span class='ocr_line' id='line_1_14' title="bbox 243 1622 1403 1705; baseline 0.001 -21"><span class='ocrx_word' id='word_1_77' title='bbox 243 1622 335 1685; x_wconf 92' lang='lat' dir='ltr'>Deus</span> <span class='ocrx_word' id='word_1_78' title='bbox 358 1623 414 1704; x_wconf 91' lang='lat' dir='ltr'>qui</span> <span class='ocrx_word' id='word_1_79' title='bbox 438 1624 527 1686; x_wconf 90' lang='lat' dir='ltr'>beati</span> <span class='ocrx_word' id='word_1_80' title='bbox 551 1624 751 1687; x_wconf 89' lang='lat' dir='ltr'>eaduueardi</span> <span class='ocrx_word' id='word_1_81' title='bbox 775 1624 931 1705; x_wconf 90' lang='lat' dir='ltr'>martyris</span> <span class='ocrx_word' id='word_1_82' title='bbox 954 1624 1002 1687; x_wconf 92' lang='lat' dir='ltr'>tui</span> <span class='ocrx_word' id='word_1_83' title='bbox 1024 1623 1157 1686; x_wconf 83' lang='lat' dir='ltr'>meritis.</span> <span class='ocrx_word' id='word_1_84' title='bbox 1174 1623 1316 1686; x_wconf 86' lang='lat' dir='ltr'>mederis</span> <span class='ocrx_word' id='word_1_85' title='bbox 1332 1623 1403 1685; x_wconf 92' lang='lat' dir='ltr'>lan-</span> 
     </span>
     <span class='ocr_line' id='line_1_15' title="bbox 197 1711 1405 1793; baseline 0.002 -23"><span class='ocrx_word' id='word_1_86' title='bbox 197 1711 369 1792; x_wconf 86' lang='lat' dir='ltr'>guentium</span> <span class='ocrx_word' id='word_1_87' title='bbox 397 1711 514 1773; x_wconf 90' lang='lat' dir='ltr'>turmis</span> <span class='ocrx_word' id='word_1_88' title='bbox 541 1711 611 1772; x_wconf 90' lang='lat' dir='ltr'>eius</span> <span class='ocrx_word' id='word_1_89' title='bbox 639 1722 794 1793; x_wconf 88' lang='lat' dir='ltr'>praecatu</span> <span class='ocrx_word' id='word_1_90' title='bbox 823 1731 1003 1792; x_wconf 91' lang='lat' dir='ltr'>quesumus</span> <span class='ocrx_word' id='word_1_91' title='bbox 1030 1721 1160 1774; x_wconf 88' lang='lat' dir='ltr'>nostras</span> <span class='ocrx_word' id='word_1_92' title='bbox 1181 1711 1405 1773; x_wconf 89' lang='lat' dir='ltr'>conscientias</span> 
     </span>
     <span class='ocr_line' id='line_1_16' title="bbox 196 1797 1269 1880; baseline 0 -20"><span class='ocrx_word' id='word_1_93' title='bbox 196 1818 216 1860; x_wconf 89' lang='lat' dir='ltr'>a</span> <span class='ocrx_word' id='word_1_94' title='bbox 232 1798 336 1859; x_wconf 91' lang='lat' dir='ltr'>noxia</span> <span class='ocrx_word' id='word_1_95' title='bbox 351 1797 533 1861; x_wconf 89' lang='lat' dir='ltr'>ualitudine</span> <span class='ocrx_word' id='word_1_96' title='bbox 549 1818 667 1860; x_wconf 92' lang='lat' dir='ltr'>sanare</span> <span class='ocrx_word' id='word_1_97' title='bbox 682 1800 828 1880; x_wconf 84' lang='lat' dir='ltr'>dignare.</span> <span class='ocrx_word' id='word_1_98' title='bbox 845 1818 905 1879; x_wconf 92' lang='lat' dir='ltr'>per</span> <span class='ocrx_word' id='word_1_99' title='bbox 919 1798 1093 1860; x_wconf 89' lang='lat' dir='ltr'>dominum</span> <span class='ocrx_word' id='word_1_100' title='bbox 1110 1807 1269 1860; x_wconf 89' lang='lat' dir='ltr'>nostrum.</span> 
     </span>
    </p>
   </div>
   <div class='ocr_carea' id='block_1_8' title="bbox 698 1973 909 2036">
    <p class='ocr_par' dir='ltr' id='par_1_8' title="bbox 698 1973 909 2036">
     <span class='ocr_line' id='line_1_17' title="bbox 698 1973 909 2036; baseline 0.009 -2"><span class='ocrx_word' id='word_1_101' title='bbox 698 1973 794 2035; x_wconf 78' lang='lat' dir='ltr'>ITEM</span> <span class='ocrx_word' id='word_1_102' title='bbox 811 1987 909 2036; x_wconf 75' lang='lat' dir='ltr'>amn.</span> 
     </span>
    </p>
   </div>
   <div class='ocr_carea' id='block_1_9' title="bbox 196 2107 1403 2452">
    <p class='ocr_par' dir='ltr' id='par_1_9' title="bbox 196 2107 1403 2452">
     <span class='ocr_line' id='line_1_18' title="bbox 242 2107 1403 2192; baseline -0.002 -21"><span class='ocrx_word' id='word_1_103' title='bbox 242 2109 334 2172; x_wconf 89' lang='lat' dir='ltr'>Deus</span> <span class='ocrx_word' id='word_1_104' title='bbox 357 2121 490 2173; x_wconf 87' lang='lat' dir='ltr'>aeterne</span> <span class='ocrx_word' id='word_1_105' title='bbox 513 2109 735 2191; x_wconf 92' lang='lat' dir='ltr'>triumphator</span> <span class='ocrx_word' id='word_1_106' title='bbox 765 2110 902 2192; x_wconf 87' lang='lat' dir='ltr'>imperii.</span> <span class='ocrx_word' id='word_1_107' title='bbox 935 2109 1095 2172; x_wconf 91' lang='lat' dir='ltr'>familiam</span> <span class='ocrx_word' id='word_1_108' title='bbox 1119 2118 1211 2171; x_wconf 89' lang='lat' dir='ltr'>tuam</span> <span class='ocrx_word' id='word_1_109' title='bbox 1235 2107 1403 2188; x_wconf 91' lang='lat' dir='ltr'>propitius</span> 
     </span>
     <span class='ocr_line' id='line_1_19' title="bbox 198 2195 1403 2278; baseline -0.001 -20"><span class='ocrx_word' id='word_1_110' title='bbox 198 2199 324 2278; x_wconf 89' lang='lat' dir='ltr'>respice</span> <span class='ocrx_word' id='word_1_111' title='bbox 347 2198 542 2278; x_wconf 88' lang='lat' dir='ltr'>martyrium</span> <span class='ocrx_word' id='word_1_112' title='bbox 566 2199 651 2278; x_wconf 83' lang='lat' dir='ltr'>regis</span> <span class='ocrx_word' id='word_1_113' title='bbox 675 2197 898 2259; x_wconf 84' lang='lat' dir='ltr'>celebrantem</span> <span class='ocrx_word' id='word_1_114' title='bbox 922 2195 1132 2260; x_wconf 91' lang='lat' dir='ltr'>eaduueardi.</span> <span class='ocrx_word' id='word_1_115' title='bbox 1156 2205 1189 2257; x_wconf 89' lang='lat' dir='ltr'>et</span> <span class='ocrx_word' id='word_1_116' title='bbox 1213 2205 1345 2276; x_wconf 89' lang='lat' dir='ltr'>praesta</span> <span class='ocrx_word' id='word_1_117' title='bbox 1364 2206 1403 2257; x_wconf 92' lang='lat' dir='ltr'>ut</span> 
     </span>
     <span class='ocr_line' id='line_1_20' title="bbox 197 2282 1402 2366; baseline -0.001 -21"><span class='ocrx_word' id='word_1_118' title='bbox 197 2284 282 2346; x_wconf 90' lang='lat' dir='ltr'>sicut</span> <span class='ocrx_word' id='word_1_119' title='bbox 313 2304 450 2347; x_wconf 90' lang='lat' dir='ltr'>munere</span> <span class='ocrx_word' id='word_1_120' title='bbox 480 2284 572 2345; x_wconf 92' lang='lat' dir='ltr'>illum</span> <span class='ocrx_word' id='word_1_121' title='bbox 603 2283 788 2365; x_wconf 79' lang='lat' dir='ltr'>glorificare</span> <span class='ocrx_word' id='word_1_122' title='bbox 819 2285 966 2366; x_wconf 85' lang='lat' dir='ltr'>dignaris</span> <span class='ocrx_word' id='word_1_123' title='bbox 997 2283 1138 2345; x_wconf 88' lang='lat' dir='ltr'>caelesti.</span> <span class='ocrx_word' id='word_1_124' title='bbox 1171 2283 1217 2344; x_wconf 93' lang='lat' dir='ltr'>ita</span> <span class='ocrx_word' id='word_1_125' title='bbox 1238 2301 1300 2343; x_wconf 93' lang='lat' dir='ltr'>nos</span> <span class='ocrx_word' id='word_1_126' title='bbox 1330 2282 1402 2344; x_wconf 86' lang='lat' dir='ltr'>eius</span> 
     </span>
     <span class='ocr_line' id='line_1_21' title="bbox 196 2369 1224 2452; baseline -0.002 -20"><span class='ocrx_word' id='word_1_127' title='bbox 196 2369 337 2434; x_wconf 90' lang='lat' dir='ltr'>obtentu</span> <span class='ocrx_word' id='word_1_128' title='bbox 360 2381 494 2433; x_wconf 84' lang='lat' dir='ltr'>aeterne</span> <span class='ocrx_word' id='word_1_129' title='bbox 510 2371 658 2433; x_wconf 81' lang='lat' dir='ltr'>felicitati</span> <span class='ocrx_word' id='word_1_130' title='bbox 676 2370 778 2432; x_wconf 91' lang='lat' dir='ltr'>facias</span> <span class='ocrx_word' id='word_1_131' title='bbox 795 2371 973 2452; x_wconf 85' lang='lat' dir='ltr'>dignanter</span> <span class='ocrx_word' id='word_1_132' title='bbox 988 2369 1140 2433; x_wconf 90' lang='lat' dir='ltr'>adscribi.</span> <span class='ocrx_word' id='word_1_133' title='bbox 1157 2388 1224 2450; x_wconf 89' lang='lat' dir='ltr'>per.</span> 
     </span>
    </p>
   </div>
   <div class='ocr_carea' id='block_1_10' title="bbox 731 2501 867 2563">
    <p class='ocr_par' dir='ltr' id='par_1_10' title="bbox 731 2501 867 2563">
     <span class='ocr_line' id='line_1_22' title="bbox 731 2501 867 2563; baseline -0.015 0"><span class='ocrx_word' id='word_1_134' title='bbox 731 2501 867 2563; x_wconf 66' lang='lat' dir='ltr'>Secreta.</span> 
     </span>
    </p>
   </div>
   <div class='ocr_carea' id='block_1_11' title="bbox 196 2606 1402 3040">
    <p class='ocr_par' dir='ltr' id='par_1_11' title="bbox 196 2606 1402 3040">
     <span class='ocr_line' id='line_1_23' title="bbox 240 2606 1402 2694; baseline -0.003 -21"><span class='ocrx_word' id='word_1_135' title='bbox 240 2609 389 2694; x_wconf 61' lang='lat' dir='ltr'>[Intuere</span> <span class='ocrx_word' id='word_1_136' title='bbox 406 2630 586 2690; x_wconf 88' lang='lat' dir='ltr'>quesumus</span> <span class='ocrx_word' id='word_1_137' title='bbox 609 2620 742 2673; x_wconf 90' lang='lat' dir='ltr'>aeterne</span> <span class='ocrx_word' id='word_1_138' title='bbox 758 2613 839 2673; x_wconf 90' lang='lat' dir='ltr'>deus</span> <span class='ocrx_word' id='word_1_139' title='bbox 863 2610 905 2672; x_wconf 92' lang='lat' dir='ltr'>ad</span> <span class='ocrx_word' id='word_1_140' title='bbox 922 2619 1054 2673; x_wconf 90' lang='lat' dir='ltr'>nostrae</span> <span class='ocrx_word' id='word_1_141' title='bbox 1077 2608 1275 2670; x_wconf 89' lang='lat' dir='ltr'>humilitatis</span> <span class='ocrx_word' id='word_1_142' title='bbox 1298 2606 1355 2690; x_wconf 88' lang='lat' dir='ltr'>[fo.</span> <span class='ocrx_word' id='word_1_143' title='bbox 1373 2625 1402 2670; x_wconf 87' lang='lat'>2.</span> 
     </span>
     <span class='ocr_line' id='line_1_24' title="bbox 197 2695 1400 2779; baseline -0.002 -19"><span class='ocrx_word' id='word_1_144' title='bbox 197 2699 349 2761; x_wconf 88' lang='lat' dir='ltr'>hostiam.</span> <span class='ocrx_word' id='word_1_145' title='bbox 362 2698 432 2759; x_wconf 71' lang='lat' dir='ltr'>ubi8</span> <span class='ocrx_word' id='word_1_146' title='bbox 444 2699 475 2759; x_wconf 97' lang='lat' dir='ltr'>in</span> <span class='ocrx_word' id='word_1_147' title='bbox 494 2697 618 2759; x_wconf 88' lang='lat' dir='ltr'>honore</span> <span class='ocrx_word' id='word_1_148' title='bbox 634 2699 681 2759; x_wconf 90' lang='lat' dir='ltr'>tui</span> <span class='ocrx_word' id='word_1_149' title='bbox 699 2700 853 2779; x_wconf 90' lang='lat' dir='ltr'>martyris</span> <span class='ocrx_word' id='word_1_150' title='bbox 869 2718 907 2759; x_wconf 89' lang='lat' dir='ltr'>ac</span> <span class='ocrx_word' id='word_1_151' title='bbox 924 2698 1009 2778; x_wconf 83' lang='lat' dir='ltr'>regis</span> <span class='ocrx_word' id='word_1_152' title='bbox 1025 2695 1225 2758; x_wconf 88' lang='lat' dir='ltr'>eaduueardi</span> <span class='ocrx_word' id='word_1_153' title='bbox 1242 2695 1400 2758; x_wconf 81' lang='lat' dir='ltr'>oblatam.</span> 
     </span>
     <span class='ocr_line' id='line_1_25' title="bbox 196 2780 1399 2866; baseline -0.002 -21"><span class='ocrx_word' id='word_1_154' title='bbox 196 2805 295 2866; x_wconf 92' lang='lat' dir='ltr'>quem</span> <span class='ocrx_word' id='word_1_155' title='bbox 330 2784 389 2846; x_wconf 93' lang='lat' dir='ltr'>tibi</span> <span class='ocrx_word' id='word_1_156' title='bbox 424 2805 552 2846; x_wconf 89' lang='lat' dir='ltr'>sacram</span> <span class='ocrx_word' id='word_1_157' title='bbox 583 2785 786 2846; x_wconf 91' lang='lat' dir='ltr'>oblationem</span> <span class='ocrx_word' id='word_1_158' title='bbox 819 2784 959 2846; x_wconf 93' lang='lat' dir='ltr'>mirabili</span> <span class='ocrx_word' id='word_1_159' title='bbox 991 2782 1240 2863; x_wconf 86' lang='lat' dir='ltr'>dispensatione</span> <span class='ocrx_word' id='word_1_160' title='bbox 1270 2780 1399 2843; x_wconf 89' lang='lat' dir='ltr'>efficere</span> 
     </span>
     <span class='ocr_line' id='line_1_26' title="bbox 197 2869 1398 2952; baseline -0.002 -19"><span class='ocrx_word' id='word_1_161' title='bbox 197 2872 337 2933; x_wconf 91' lang='lat' dir='ltr'>uoluisti.</span> <span class='ocrx_word' id='word_1_162' title='bbox 355 2880 388 2932; x_wconf 93' lang='lat' dir='ltr'>et</span> <span class='ocrx_word' id='word_1_163' title='bbox 403 2871 549 2933; x_wconf 89' lang='lat' dir='ltr'>concede</span> <span class='ocrx_word' id='word_1_164' title='bbox 565 2872 660 2933; x_wconf 89' lang='lat' dir='ltr'>nobis</span> <span class='ocrx_word' id='word_1_165' title='bbox 677 2872 763 2933; x_wconf 90' lang='lat' dir='ltr'>illius</span> <span class='ocrx_word' id='word_1_166' title='bbox 780 2871 953 2952; x_wconf 91' lang='lat' dir='ltr'>praecibus</span> <span class='ocrx_word' id='word_1_167' title='bbox 966 2871 1012 2932; x_wconf 92' lang='lat' dir='ltr'>ita</span> <span class='ocrx_word' id='word_1_168' title='bbox 1029 2871 1222 2931; x_wconf 90' lang='lat' dir='ltr'>innocenter</span> <span class='ocrx_word' id='word_1_169' title='bbox 1237 2869 1350 2930; x_wconf 89' lang='lat' dir='ltr'>uiuere</span> <span class='ocrx_word' id='word_1_170' title='bbox 1362 2879 1398 2930; x_wconf 92' lang='lat' dir='ltr'>ut</span> 
     </span>
     <span class='ocr_line' id='line_1_27' title="bbox 196 2958 1197 3040; baseline -0.002 -19"><span class='ocrx_word' id='word_1_171' title='bbox 196 2959 239 3021; x_wconf 92' lang='lat' dir='ltr'>ad</span> <span class='ocrx_word' id='word_1_172' title='bbox 252 2968 386 3021; x_wconf 89' lang='lat' dir='ltr'>aeterna</span> <span class='ocrx_word' id='word_1_173' title='bbox 404 2978 589 3021; x_wconf 90' lang='lat' dir='ltr'>mereamur</span> <span class='ocrx_word' id='word_1_174' title='bbox 605 2960 728 3038; x_wconf 83' lang='lat' dir='ltr'>gaudia</span> <span class='ocrx_word' id='word_1_175' title='bbox 744 2960 923 3040; x_wconf 83' lang='lat' dir='ltr'>peruenire</span> <span class='ocrx_word' id='word_1_176' title='bbox 941 2978 1000 3040; x_wconf 88' lang='lat' dir='ltr'>per</span> <span class='ocrx_word' id='word_1_177' title='bbox 1015 2958 1197 3020; x_wconf 91' lang='lat' dir='ltr'>dominum.</span> 
     </span>
    </p>
   </div>
   <div class='ocr_carea' id='block_1_12' title="bbox 703 3087 885 3165">
    <p class='ocr_par' dir='ltr' id='par_1_12' title="bbox 703 3087 885 3165">
     <span class='ocr_line' id='line_1_28' title="bbox 703 3087 885 3165; baseline 0.005 -17"><span class='ocrx_word' id='word_1_178' title='bbox 703 3087 885 3165; x_wconf 80' lang='lat' dir='ltr'>Praefatio.</span> 
     </span>
    </p>
   </div>
   <div class='ocr_carea' id='block_1_13' title="bbox 195 3197 1401 3974">
    <p class='ocr_par' dir='ltr' id='par_1_13' title="bbox 195 3197 1401 3974">
     <span class='ocr_line' id='line_1_29' title="bbox 239 3197 1399 3280; baseline -0.004 -18"><span class='ocrx_word' id='word_1_179' title='bbox 239 3200 289 3262; x_wconf 74' lang='lat' dir='ltr'>(l)</span> <span class='ocrx_word' id='word_1_180' title='bbox 305 3208 438 3260; x_wconf 89' lang='lat' dir='ltr'>aeterne</span> <span class='ocrx_word' id='word_1_181' title='bbox 462 3199 552 3260; x_wconf 90' lang='lat' dir='ltr'>deus.</span> <span class='ocrx_word' id='word_1_182' title='bbox 599 3199 665 3280; x_wconf 81' lang='lat' dir='ltr'>Qui</span> <span class='ocrx_word' id='word_1_183' title='bbox 681 3220 716 3260; x_wconf 92' lang='lat' dir='ltr'>es</span> <span class='ocrx_word' id='word_1_184' title='bbox 738 3200 888 3261; x_wconf 91' lang='lat' dir='ltr'>omnium</span> <span class='ocrx_word' id='word_1_185' title='bbox 913 3217 1035 3260; x_wconf 89' lang='lat' dir='ltr'>corona</span> <span class='ocrx_word' id='word_1_186' title='bbox 1059 3205 1249 3259; x_wconf 89' lang='lat' dir='ltr'>sanctorum</span> <span class='ocrx_word' id='word_1_187' title='bbox 1274 3197 1399 3278; x_wconf 90' lang='lat' dir='ltr'>quique</span> 
     </span>
     <span class='ocr_line' id='line_1_30' title="bbox 195 3282 1399 3366; baseline -0.003 -18"><span class='ocrx_word' id='word_1_188' title='bbox 195 3286 350 3348; x_wconf 90' lang='lat' dir='ltr'>concedis</span> <span class='ocrx_word' id='word_1_189' title='bbox 366 3285 580 3365; x_wconf 91' lang='lat' dir='ltr'>triumphum.</span> <span class='ocrx_word' id='word_1_190' title='bbox 597 3296 630 3347; x_wconf 92' lang='lat' dir='ltr'>et</span> <span class='ocrx_word' id='word_1_191' title='bbox 646 3286 865 3366; x_wconf 89' lang='lat' dir='ltr'>inseparabile</span> <span class='ocrx_word' id='word_1_192' title='bbox 877 3284 1061 3347; x_wconf 90' lang='lat' dir='ltr'>diuinitatis</span> <span class='ocrx_word' id='word_1_193' title='bbox 1074 3294 1253 3365; x_wconf 90' lang='lat' dir='ltr'>perpetuae</span> <span class='ocrx_word' id='word_1_194' title='bbox 1269 3282 1399 3364; x_wconf 85' lang='lat' dir='ltr'>largiris</span> 
     </span>
     <span class='ocr_line' id='line_1_31' title="bbox 196 3371 1397 3453; baseline -0.002 -19"><span class='ocrx_word' id='word_1_195' title='bbox 196 3374 407 3435; x_wconf 90' lang='lat' dir='ltr'>consortium.</span> <span class='ocrx_word' id='word_1_196' title='bbox 419 3393 615 3453; x_wconf 88' lang='lat' dir='ltr'>semperque</span> <span class='ocrx_word' id='word_1_197' title='bbox 627 3373 830 3434; x_wconf 89' lang='lat' dir='ltr'>admirandis</span> <span class='ocrx_word' id='word_1_198' title='bbox 841 3373 1000 3434; x_wconf 90' lang='lat' dir='ltr'>uirtutum</span> <span class='ocrx_word' id='word_1_199' title='bbox 1012 3371 1195 3452; x_wconf 90' lang='lat' dir='ltr'>praeconiis</span> <span class='ocrx_word' id='word_1_200' title='bbox 1212 3380 1397 3450; x_wconf 91' lang='lat' dir='ltr'>martyrum</span> 
     </span>
     <span class='ocr_line' id='line_1_32' title="bbox 197 3456 1400 3540; baseline -0.002 -19"><span class='ocrx_word' id='word_1_201' title='bbox 197 3474 328 3522; x_wconf 89' lang='lat' dir='ltr'>tuorum</span> <span class='ocrx_word' id='word_1_202' title='bbox 341 3461 457 3520; x_wconf 89' lang='lat' dir='ltr'>merita</span> <span class='ocrx_word' id='word_1_203' title='bbox 470 3461 687 3540; x_wconf 81' lang='lat' dir='ltr'>prosequeris</span> <span class='ocrx_word' id='word_1_204' title='bbox 701 3461 821 3521; x_wconf 86' lang='lat' dir='ltr'>nostris</span> <span class='ocrx_word' id='word_1_205' title='bbox 837 3479 970 3540; x_wconf 91' lang='lat' dir='ltr'>quoque</span> <span class='ocrx_word' id='word_1_206' title='bbox 987 3469 1044 3520; x_wconf 90' lang='lat' dir='ltr'>tua</span> <span class='ocrx_word' id='word_1_207' title='bbox 1059 3456 1226 3538; x_wconf 86' lang='lat' dir='ltr'>magnalia</span> <span class='ocrx_word' id='word_1_208' title='bbox 1243 3457 1400 3518; x_wconf 88' lang='lat' dir='ltr'>manifes-</span> 
     </span>
     <span class='ocr_line' id='line_1_33' title="bbox 197 3543 1398 3627; baseline -0.002 -19"><span class='ocrx_word' id='word_1_209' title='bbox 197 3559 272 3608; x_wconf 88' lang='lat' dir='ltr'>tans</span> <span class='ocrx_word' id='word_1_210' title='bbox 282 3546 495 3627; x_wconf 90' lang='lat' dir='ltr'>temporibus.</span> <span class='ocrx_word' id='word_1_211' title='bbox 529 3546 629 3609; x_wconf 90' lang='lat' dir='ltr'>Unde</span> <span class='ocrx_word' id='word_1_212' title='bbox 642 3557 734 3608; x_wconf 89' lang='lat' dir='ltr'>tuam</span> <span class='ocrx_word' id='word_1_213' title='bbox 747 3545 949 3607; x_wconf 76' lang='lat' dir='ltr'>ineffabilem</span> <span class='ocrx_word' id='word_1_214' title='bbox 959 3546 1173 3626; x_wconf 90' lang='lat' dir='ltr'>exposcimus</span> <span class='ocrx_word' id='word_1_215' title='bbox 1185 3543 1398 3606; x_wconf 88' lang='lat' dir='ltr'>diuinitatem</span> 
     </span>
     <span class='ocr_line' id='line_1_34' title="bbox 196 3631 1401 3714; baseline -0.002 -19"><span class='ocrx_word' id='word_1_216' title='bbox 196 3634 304 3714; x_wconf 92' lang='lat' dir='ltr'>utqui</span> <span class='ocrx_word' id='word_1_217' title='bbox 321 3634 454 3695; x_wconf 89' lang='lat' dir='ltr'>beatum</span> <span class='ocrx_word' id='word_1_218' title='bbox 473 3644 652 3713; x_wconf 84' lang='lat' dir='ltr'>martyrem</span> <span class='ocrx_word' id='word_1_219' title='bbox 676 3643 769 3694; x_wconf 91' lang='lat' dir='ltr'>tuum</span> <span class='ocrx_word' id='word_1_220' title='bbox 794 3653 832 3693; x_wconf 91' lang='lat' dir='ltr'>ac</span> <span class='ocrx_word' id='word_1_221' title='bbox 855 3653 966 3714; x_wconf 84' lang='lat' dir='ltr'>regem</span> <span class='ocrx_word' id='word_1_222' title='bbox 990 3631 1236 3693; x_wconf 91' lang='lat' dir='ltr'>eaduueardum</span> <span class='ocrx_word' id='word_1_223' title='bbox 1262 3649 1401 3692; x_wconf 87' lang='lat' dir='ltr'>munere</span> 
     </span>
     <span class='ocr_line' id='line_1_35' title="bbox 198 3718 1400 3800; baseline -0.003 -18"><span class='ocrx_word' id='word_1_224' title='bbox 198 3721 344 3800; x_wconf 83' lang='lat' dir='ltr'>martyrii</span> <span class='ocrx_word' id='word_1_225' title='bbox 377 3721 549 3800; x_wconf 80' lang='lat' dir='ltr'>insigniter</span> <span class='ocrx_word' id='word_1_226' title='bbox 571 3721 744 3781; x_wconf 86' lang='lat' dir='ltr'>coronasti.</span> <span class='ocrx_word' id='word_1_227' title='bbox 769 3740 828 3780; x_wconf 93' lang='lat' dir='ltr'>nos</span> <span class='ocrx_word' id='word_1_228' title='bbox 851 3721 922 3781; x_wconf 91' lang='lat' dir='ltr'>eius</span> <span class='ocrx_word' id='word_1_229' title='bbox 953 3719 1186 3780; x_wconf 89' lang='lat' dir='ltr'>intercessione</span> <span class='ocrx_word' id='word_1_230' title='bbox 1210 3737 1229 3778; x_wconf 93' lang='lat' dir='ltr'>a</span> <span class='ocrx_word' id='word_1_231' title='bbox 1252 3718 1400 3797; x_wconf 90' lang='lat' dir='ltr'>peccatis</span> 
     </span>
     <span class='ocr_line' id='line_1_36' title="bbox 197 3802 1400 3888; baseline -0.003 -20"><span class='ocrx_word' id='word_1_232' title='bbox 197 3807 350 3868; x_wconf 89' lang='lat' dir='ltr'>omnibus</span> <span class='ocrx_word' id='word_1_233' title='bbox 367 3807 467 3868; x_wconf 88' lang='lat' dir='ltr'>facias</span> <span class='ocrx_word' id='word_1_234' title='bbox 484 3807 620 3869; x_wconf 87' lang='lat' dir='ltr'>absolui.</span> <span class='ocrx_word' id='word_1_235' title='bbox 637 3817 670 3868; x_wconf 87' lang='lat' dir='ltr'>et</span> <span class='ocrx_word' id='word_1_236' title='bbox 686 3807 882 3868; x_wconf 88' lang='lat' dir='ltr'>caelestibus</span> <span class='ocrx_word' id='word_1_237' title='bbox 906 3806 1036 3888; x_wconf 86' lang='lat' dir='ltr'>gaudiis</span> <span class='ocrx_word' id='word_1_238' title='bbox 1060 3814 1230 3886; x_wconf 86' lang='lat' dir='ltr'>gratanter</span> <span class='ocrx_word' id='word_1_239' title='bbox 1251 3802 1400 3885; x_wconf 89' lang='lat' dir='ltr'>adiungi.</span> 
     </span>
     <span class='ocr_line' id='line_1_37' title="bbox 196 3893 437 3974; baseline 0.004 -19"><span class='ocrx_word' id='word_1_240' title='bbox 196 3915 254 3974; x_wconf 90' lang='lat' dir='ltr'>per</span> <span class='ocrx_word' id='word_1_241' title='bbox 268 3893 437 3956; x_wconf 90' lang='lat' dir='ltr'>christum.</span> 
     </span>
    </p>
   </div>
   <div class='ocr_carea' id='block_1_14' title="bbox 642 3945 939 4076">
    <p class='ocr_par' dir='ltr' id='par_1_14' title="bbox 642 3945 939 4076">
     <span class='ocr_line' id='line_1_38' title="bbox 642 3945 939 4076; baseline 0.003 -19"><span class='ocrx_word' id='word_1_242' title='bbox 642 3995 704 4057; x_wconf 80' lang='lat' dir='ltr'>Ad</span> <span class='ocrx_word' id='word_1_243' title='bbox 714 3945 939 4076; x_wconf 81' lang='lat' dir='ltr'>corrrplendum.</span> 
     </span>
    </p>
   </div>
   <div class='ocr_carea' id='block_1_15' title="bbox 194 4106 1404 4363">
    <p class='ocr_par' dir='ltr' id='par_1_15' title="bbox 194 4106 1404 4363">
     <span class='ocr_line' id='line_1_39' title="bbox 240 4106 1402 4190; baseline -0.003 -19"><span class='ocrx_word' id='word_1_244' title='bbox 240 4108 365 4172; x_wconf 90' lang='lat' dir='ltr'>Sancta</span> <span class='ocrx_word' id='word_1_245' title='bbox 377 4118 434 4169; x_wconf 87' lang='lat' dir='ltr'>tua</span> <span class='ocrx_word' id='word_1_246' title='bbox 451 4128 510 4168; x_wconf 90' lang='lat' dir='ltr'>nos</span> <span class='ocrx_word' id='word_1_247' title='bbox 526 4109 661 4170; x_wconf 91' lang='lat' dir='ltr'>domine</span> <span class='ocrx_word' id='word_1_248' title='bbox 677 4118 810 4190; x_wconf 90' lang='lat' dir='ltr'>sumpta</span> <span class='ocrx_word' id='word_1_249' title='bbox 826 4107 1000 4189; x_wconf 89' lang='lat' dir='ltr'>purificent</span> <span class='ocrx_word' id='word_1_250' title='bbox 1016 4116 1049 4168; x_wconf 92' lang='lat' dir='ltr'>et</span> <span class='ocrx_word' id='word_1_251' title='bbox 1062 4106 1161 4168; x_wconf 91' lang='lat' dir='ltr'>beato</span> <span class='ocrx_word' id='word_1_252' title='bbox 1177 4114 1323 4186; x_wconf 91' lang='lat' dir='ltr'>martyre</span> <span class='ocrx_word' id='word_1_253' title='bbox 1340 4114 1402 4168; x_wconf 92' lang='lat' dir='ltr'>tuo</span> 
     </span>
     <span class='ocr_line' id='line_1_40' title="bbox 197 4193 1404 4276; baseline -0.001 -20"><span class='ocrx_word' id='word_1_254' title='bbox 197 4217 235 4256; x_wconf 84' lang='lat' dir='ltr'>ac</span> <span class='ocrx_word' id='word_1_255' title='bbox 252 4215 329 4274; x_wconf 89' lang='lat' dir='ltr'>rege</span> <span class='ocrx_word' id='word_1_256' title='bbox 345 4195 556 4255; x_wconf 89' lang='lat' dir='ltr'>eaduueardo</span> <span class='ocrx_word' id='word_1_257' title='bbox 572 4196 805 4257; x_wconf 85' lang='lat' dir='ltr'>intercedente.</span> <span class='ocrx_word' id='word_1_258' title='bbox 823 4197 865 4257; x_wconf 91' lang='lat' dir='ltr'>ad</span> <span class='ocrx_word' id='word_1_259' title='bbox 885 4205 1066 4276; x_wconf 89' lang='lat' dir='ltr'>perpetuae</span> <span class='ocrx_word' id='word_1_260' title='bbox 1082 4193 1298 4255; x_wconf 89' lang='lat' dir='ltr'>beatitudinis</span> <span class='ocrx_word' id='word_1_261' title='bbox 1320 4212 1404 4255; x_wconf 93' lang='lat' dir='ltr'>con-</span> 
     </span>
     <span class='ocr_line' id='line_1_41' title="bbox 194 4283 811 4363; baseline 0 -20"><span class='ocrx_word' id='word_1_262' title='bbox 194 4283 334 4343; x_wconf 89' lang='lat' dir='ltr'>sortium</span> <span class='ocrx_word' id='word_1_263' title='bbox 349 4283 539 4363; x_wconf 87' lang='lat' dir='ltr'>perducant.</span> <span class='ocrx_word' id='word_1_264' title='bbox 557 4302 614 4363; x_wconf 86' lang='lat' dir='ltr'>pcr</span> <span class='ocrx_word' id='word_1_265' title='bbox 630 4283 811 4344; x_wconf 90' lang='lat' dir='ltr'>dominum.</span> 
     </span>
    </p>
   </div>
   <div class='ocr_carea' id='block_1_16' title="bbox 422 4389 1059 4521">
    <p class='ocr_par' dir='ltr' id='par_1_16' title="bbox 422 4389 1059 4521">
     <span class='ocr_line' id='line_1_42' title="bbox 424 4389 1059 4455; baseline 0.002 -16"><span class='ocrx_word' id='word_1_266' title='bbox 424 4389 431 4421; x_wconf 90' lang='lat'><strong>¹</strong></span> <span class='ocrx_word' id='word_1_267' title='bbox 449 4393 574 4454; x_wconf 83' lang='lat' dir='ltr'>Probably</span> <span class='ocrx_word' id='word_1_268' title='bbox 580 4394 717 4455; x_wconf 63' lang='lat' dir='ltr'>praetoriis</span> <span class='ocrx_word' id='word_1_269' title='bbox 728 4393 817 4441; x_wconf 87' lang='lat' dir='ltr'>should</span> <span class='ocrx_word' id='word_1_270' title='bbox 830 4393 860 4442; x_wconf 91' lang='lat' dir='ltr'>be</span> <span class='ocrx_word' id='word_1_271' title='bbox 872 4393 979 4442; x_wconf 85' lang='lat' dir='ltr'>inserted</span> <span class='ocrx_word' id='word_1_272' title='bbox 992 4393 1059 4441; x_wconf 87' lang='lat' dir='ltr'>bere.</span> 
     </span>
     <span class='ocr_line' id='line_1_43' title="bbox 422 4454 801 4521; baseline 0 -15"><span class='ocrx_word' id='word_1_273' title='bbox 422 4454 433 4486; x_wconf 72' lang='lat'><em>²</em></span> <span class='ocrx_word' id='word_1_274' title='bbox 449 4460 485 4506; x_wconf 88' lang='lat' dir='ltr'>So</span> <span class='ocrx_word' id='word_1_275' title='bbox 497 4459 552 4506; x_wconf 74' lang='lat' dir='ltr'>MS.</span> <span class='ocrx_word' id='word_1_276' title='bbox 568 4459 687 4521; x_wconf 86' lang='lat' dir='ltr'>probably</span> <span class='ocrx_word' id='word_1_277' title='bbox 700 4459 737 4506; x_wconf 87' lang='lat' dir='ltr'>for</span> <span class='ocrx_word' id='word_1_278' title='bbox 748 4459 801 4507; x_wconf 71' lang='lat' dir='ltr'>rili.</span> 
     </span>
    </p>
   </div>
   <div class='ocr_carea' id='block_1_17' title="bbox 0 0 1528 5092">
    <p class='ocr_par' dir='ltr' id='par_1_17' title="bbox 0 0 1528 5092">
     <span class='ocr_line' id='line_1_44' title="bbox 0 0 1528 5092; baseline 0 0"><span class='ocrx_word' id='word_1_279' title='bbox 0 0 1528 5092; x_wconf 95' lang='lat' dir='ltr'> </span> 
     </span>
    </p>
   </div>
  </div>
 </body>
</html>
