3046 5092
157 318 204 369 160
460 316 550 369 NON.
579 316 663 368 FRB.
692 316 781 368 Nar.
810 318 839 369 S.
868 318 1060 371 amm

661 490 844 573 Praefatio.

198 606 248 672 tt)
286 615 419 670 aeterne
444 604 533 669 deus.
581 604 620 668 ln
645 603 855 669 exultatione
888 607 1066 691 praecipue
1096 609 1362 695 sollempnitatis

154 694 340 758 hodiernae.
357 692 389 755 in
406 711 473 774 qua
487 701 682 755 coaeternus
704 691 765 755 tibi
792 690 880 757 filius
894 703 971 758 tuus
987 695 1178 777 unigenitus
1193 699 1228 763 in
1243 710 1360 765 nostra

155 791 253 845 natus
276 779 470 843 substantia
496 798 516 841 a
542 778 736 861 parentibus
765 778 864 862 legali
893 780 1073 846 traditione
1096 783 1294 866 deportatur
1323 788 1356 853 in

154 865 325 948 templum.
381 864 476 928 Idem
499 863 582 948 legis
603 863 689 928 lator
712 875 746 929 et
769 876 883 931 custos
904 869 1110 951 praecipiens
1132 880 1167 935 et
1187 872 1357 939 obediens

156 952 260 1017 Diues
283 954 315 1015 in
339 972 408 1016 suo.
424 972 551 1034 pauper
575 952 607 1015 in
635 960 756 1016 nostro
774 952 838 1016 Par
861 963 1026 1019 turturum
1051 955 1104 1020 uel
1130 958 1218 1022 duos
1248 960 1361 1044 pullos

155 1040 394 1105 columbarum.
424 1039 484 1103 uix
514 1036 636 1103 sufficit
666 1036 827 1103 sacrificio
856 1039 940 1105 caeli
981 1052 1134 1126 terreque
1175 1066 1355 1128 possessor.

156 1126 325 1191 Grandeui
347 1125 516 1209 symeonis
539 1123 694 1189 inualidis
718 1136 868 1207 gestatur
894 1127 927 1191 in
952 1130 1106 1194 manibus
1120 1150 1141 1195 a
1156 1151 1226 1215 quo
1241 1136 1356 1199 mundi

155 1224 262 1278 rector
276 1224 310 1277 et
325 1212 481 1277 dominus
496 1208 712 1295 pradicatur.†
754 1211 898 1279 Accedit
921 1214 1022 1279 etiam
1045 1217 1218 1283 oraculum
1235 1221 1358 1287 uiduae

154 1299 371 1365 testificantis.
398 1299 557 1383 quoniam
582 1298 723 1363 decebat
747 1298 791 1362 ab
817 1309 959 1383 utroque
987 1323 1072 1367 sexu
1102 1304 1357 1373 adnuntiaretur

155 1388 326 1470 utriusque
363 1385 517 1451 saluator.
554 1404 653 1469 quem
692 1384 829 1449 laudant
860 1388 970 1471 angeli
1001 1386 1131 1474 [¹atque
1165 1392 1356 1479 archangeli

154 1474 324 1539 cherubim
355 1492 488 1556 quoque
517 1492 556 1536 ac
582 1472 759 1555 seraphim.
781 1473 838 1556 qui
872 1494 939 1538 non
972 1487 1104 1540 cessant
1135 1480 1262 1544 cotidie
1289 1501 1356 1547 una

154 1582 237 1627 uoce
251 1559 395 1624 clamare
404 1556 575 1645 dicentes]

610 1678 673 1743 Ad
682 1679 908 1762 complendum.

200 1793 391 1878 Quesumus
407 1793 542 1857 domine
565 1792 648 1856 deus
671 1802 784 1856 noster
807 1804 844 1859 ut
867 1805 1079 1860 sacrosancta
1095 1800 1257 1880 mysteria
1271 1819 1356 1883 quae

156 1902 217 1966 pro
232 1881 449 1964 reparationis
473 1887 606 1944 nostrae
622 1880 806 1944 munimine
820 1881 997 1946 contulisti
1014 1883 1243 1951 intercedente
1257 1886 1353 1952 beata

155 1989 287 2119 ¹semper
301 1968 429 2050 uirgine
446 1966 549 2030 maria
564 1976 598 2029 et
613 1986 770 2050 praesens
793 1967 890 2031 nobis
914 1969 1098 2034 remedium
1114 1991 1189 2035 esse
1205 1972 1306 2039 facias
1319 1984 1350 2039 et

168 2065 311 2120 uturum.
327 2074 395 2138 per.

631 2165 663 2229 Α
668 2165 695 2229 d
705 2177 880 2249 uesperum.

203 2277 327 2343 Perfice
343 2279 375 2341 in
393 2277 489 2342 nobis
504 2296 686 2360 quesumus
702 2277 837 2342 domine
853 2288 892 2342 ut
903 2282 1025 2362 supra.¹

361 2463 456 2528 Nou.
481 2463 590 2526 Fusa.
615 2461 771 2525 Names
795 2462 971 2527 Sancrna
995 2464 1169 2532 Acarna.

201 2576 294 2639 Deus
313 2577 368 2657 qui
387 2577 471 2638 inter
488 2586 596 2637 cetera
624 2575 792 2656 potentiae
809 2585 886 2637 tuae
910 2577 1067 2640 miracula
1090 2579 1191 2643 etiam
1213 2582 1245 2644 in
1270 2600 1341 2643 sexu

158 2663 264 2746 fragili
291 2664 463 2725 uictoriam
494 2662 641 2744 martyrii
665 2661 845 2723 contulisti.
861 2665 1006 2726 concede
1031 2668 1196 2747 propitius
1212 2679 1248 2730 ut
1263 2669 1340 2730 cuius

157 2750 312 2814 natalicia
327 2750 474 2812 colimus
491 2769 550 2831 per
565 2750 635 2811 eius
652 2749 693 2810 ad
710 2757 743 2809 te
759 2749 916 2830 exempla
932 2752 1130 2832 gradiamur.
1147 2775 1215 2835 per.

686 2879 824 2943 Secreta.

202 2989 340 3070 Suscipe
354 3007 490 3049 munera
506 2986 642 3049 domine
658 3004 743 3066 quae
760 2985 791 3046 in
809 2984 926 3047 beatae
943 2987 1085 3067 agathae
1095 2987 1197 3067 lmar-
1212 2989 1265 3072 [fo.
1285 3002 1336 3065 115.

156 3076 239 3156 tyris
262 3085 339 3138 tuae
362 3074 609 3154 sollempnitate
633 3069 818 3134 deferimus
843 3073 935 3134 cuius
956 3093 1016 3135 nos
1032 3074 1229 3140 confidimus
1245 3087 1334 3160 patro·

157 3163 243 3224 cinio
260 3162 396 3224 liberari.
413 3181 480 3242 per.

677 3276 857 3357 Praefatae.

201 3385 250 3447 (D
288 3403 346 3464 per
383 3383 541 3445 christum
581 3382 753 3444 dominum
786 3393 943 3445 nostrum.
1007 3385 1070 3447 Pro
1100 3387 1193 3450 cuius
1223 3384 1333 3450 nomine

157 3490 337 3552 poenarum
370 3469 552 3550 mortisque
583 3478 822 3550 contemptum.
854 3471 885 3531 in
918 3482 1059 3552 utroque
1090 3493 1175 3536 sexu
1207 3473 1329 3538 fidelium

157 3558 283 3620 cunctis
299 3555 464 3618 aetatibus
480 3555 658 3617 contulisti.
699 3555 746 3618 Ut
763 3557 847 3618 inter
863 3555 1008 3619 fidelium
1026 3569 1210 3642 martyrum
1227 3561 1331 3643 palmas

157 3643 300 3727 agathen
329 3663 461 3724 quoque
485 3641 712 3704 beatissimam
742 3643 900 3724 uirginem
928 3644 1053 3708 uictrici
1079 3648 1330 3727 patientiarum

157 3752 260 3794 nares
291 3732 390 3811 quae³
421 3729 518 3791 minis
548 3729 670 3791 territa.
697 3748 756 3790 nec
785 3730 954 3812 suppliciis
979 3743 1135 3811 superata
1162 3736 1203 3798 de
1230 3723 1329 3798 diaboli

157 3818 295 3880 saeuitia
310 3815 535 3897 triumphauit.
554 3815 632 3896 quia
649 3815 680 3876 in
699 3826 776 3877 tuae
792 3817 924 3880 deitatis
941 3819 1148 3883 confessione
1171 3813 1327 3905 permansit

157 3917 190 3968 et
207 3904 289 3967 ideo.

191 4023 198 4054 ¹
216 4025 271 4073 The
283 4023 364 4072 words
373 4022 399 4070 in
412 4022 526 4071 brackets
536 4038 578 4070 are
589 4022 672 4071 added
684 4021 710 4070 in
721 4023 764 4070 the
776 4024 871 4087 margin
884 4024 915 4087 by
927 4026 1030 4075 another
1043 4028 1118 4076 hand.

190 4095 200 4122 ²
217 4090 272 4138 The
284 4088 407 4137 reference
425 4088 445 4136 is
464 4104 496 4135 no
513 4088 591 4136 doubt
604 4095 630 4135 to
642 4087 685 4136 the
697 4087 749 4136 leaf
757 4088 837 4137 which
850 4089 893 4137 has
905 4090 969 4139 been
987 4092 1033 4140 lost
1055 4093 1167 4142 between
1188 4093 1219 4141 lo.
1242 4101 1280 4151 113
1293 4080 1329 4134 and

157 4157 190 4205 fo.
208 4169 260 4213 114.
296 4154 352 4203 The
372 4153 460 4202 collect
473 4154 493 4201 is
505 4163 569 4201 most
582 4153 703 4217 probably
715 4153 768 4202 that
781 4153 861 4202 which
878 4170 983 4219 appears
994 4173 1021 4204 as
1032 4159 1078 4205 Ad
1086 4159 1217 4221 populum,
1234 4155 1277 4205 and
1291 4152 1330 4200 atro

156 4223 182 4270 in
195 4222 237 4270 the
249 4221 311 4269 torm
324 4218 361 4267 for
373 4218 482 4282 blessing
494 4219 535 4267 the
547 4218 657 4278 canelles,
670 4217 696 4266 in
708 4218 751 4267 the
765 4218 861 4268 Leofric
874 4220 960 4269 blissal
973 4223 1026 4286 (pp.
1045 4234 1085 4282 70,
1104 4226 1172 4283 204),
1193 4240 1220 4272 as
1236 4222 1329 4271 follows:

158 4285 273 4336 “Perfice
285 4285 310 4333 in
322 4283 403 4343 nobis,
416 4299 558 4348 quesumus,
571 4283 682 4342 domine,
695 4283 800 4347 gratiam
813 4292 890 4344 tuam,
903 4286 945 4350 qui
957 4287 1013 4336 insti
1023 4288 1147 4351 symeonis
1155 4287 1330 4353 expectationem

157 4350 275 4416 implesti,
288 4360 312 4400 et
329 4349 391 4398 sicut
403 4348 445 4398 ille
456 4360 561 4398 mortem
573 4365 624 4397 non
635 4348 706 4404 uidit.
722 4348 863 4413 priusquam
876 4350 993 4400 christum
1006 4353 1134 4402 dominum
1147 4365 1254 4404 nostrum
1265 4350 1331 4400 uidere

157 4425 299 4474 mereretur,
313 4414 347 4463 ita
359 4422 383 4464 et
395 4430 441 4463 nos
451 4414 528 4464 uitam
540 4414 697 4464 obtineamus
708 4424 842 4464 aeternam.
859 4416 905 4465 Per
916 4417 1050 4467 eundem.’'

189 4482 201 4514 ³
216 4482 267 4530 Νι(
279 4479 384 4529 omitted
395 4479 421 4528 in
434 4479 490 4530 MS.
