3046 5092
158 280 206 345 ηε
404 280 497 337 nora
517 278 596 331 xxa
617 280 713 332 msr
724 280 803 333 oca.
821 278 1107 335 renascamur.

608 452 908 538 summm

199 556 527 625 Sanctificationibus
551 558 618 623 tuis
642 558 856 641 omnipotens
876 556 960 621 deus
985 566 1021 623 et
1042 556 1127 623 uitia
1148 564 1265 621 nostra
1285 572 1357 619 cur-

155 654 260 709 entur.
290 656 325 709 et
354 646 501 709 remedia
536 644 633 709 nobis
669 654 807 709 aeterna
842 644 1051 729 proueniant.
1087 664 1148 729 per
1181 642 1360 708 dominum

154 743 304 796 nostmm
321 733 425 796 iesum
440 733 608 796 christum.

305 912 504 979 Donrnrcn
526 912 603 977 XX.
627 926 716 978 ross
738 910 911 979 Ocrnnns
934 912 1219 979 Pentecosrnn.

200 1035 332 1117 Dirigat
347 1034 448 1098 corda
462 1044 576 1098 nostra
597 1034 734 1099 domine
755 1054 937 1118 quesumus
958 1042 1036 1098 tuae
1051 1032 1185 1099 uirtutis
1197 1032 1358 1118 operatio.

154 1123 233 1205 quia
248 1122 308 1185 tibi
323 1123 394 1185 sine
409 1131 444 1186 te
458 1121 590 1204 placere
605 1142 673 1185 non
687 1140 873 1205 possumus
889 1142 949 1205 per
962 1121 1148 1186 dominum.

685 1239 824 1306 Secreta.

199 1345 293 1410 Deus
307 1345 364 1429 qui
380 1365 442 1409 nos
457 1364 517 1428 per
530 1344 628 1409 huius
650 1344 801 1409 sacrificii
823 1344 1015 1409 ueneranda
1035 1344 1237 1409 commercia
1258 1344 1356 1409 unius

154 1452 350 1515 summeque
378 1432 564 1496 diuinitatis
593 1432 772 1515 participes
803 1432 915 1497 efficis
944 1443 1078 1517 praesta
1106 1449 1291 1513 quesumus
1320 1440 1356 1495 ut
1401 1458 1413 1473 ·

154 1521 240 1583 sicut
255 1530 348 1583 tuam
363 1520 594 1600 cognoscimus
619 1520 804 1583 ueritatem.
827 1518 875 1583 sic
900 1520 1042 1583 eandem
1062 1517 1174 1602 dignis
1189 1518 1357 1583 mentibus
1382 1520 1389 1533 '

154 1617 189 1671 et
205 1606 351 1670 moribus
366 1607 596 1688 adsequamur.
613 1625 672 1688 per
685 1606 859 1709 dominum
875 1614 1036 1671 nostrum

662 1726 754 1791 Prae
769 1726 846 1792 atio.

137 1792 163 1833 Ἰ
198 1830 249 1895 ff)
264 1839 397 1893 aeterne
412 1829 504 1893 deus.
550 1828 596 1892 Et
619 1839 654 1894 te
677 1727 872 1913 suppiiciter
893 1848 1044 1893 exorare.
1059 1838 1097 1893 ut
1119 1828 1167 1893 sic
1183 1848 1246 1893 nos
1261 1826 1356 1893 bonis

153 1917 220 1981 tuis
257 1916 399 1980 instruas
429 1916 648 1999 sempiternis.
679 1926 718 1979 ut
747 1914 986 2000 temporalibus
1022 1936 1157 1999 quoquc
1193 1916 1357 1981 consolari

154 2004 307 2087 digneris.
353 2001 410 2067 Sic
439 2003 669 2086 praesentibus
699 2002 819 2067 resoue.
844 2012 882 2067 ut
906 2003 950 2067 ad
974 2003 1098 2087 gaudia
1123 2022 1186 2067 uos
1201 2022 1358 2067 mansura

155 2090 339 2173 lperducas.
357 2110 415 2173 per
430 2090 590 2153 christum
606 2090 780 2155 dominum
796 2098 955 2154 nostrum.
1213 2088 1271 2173 [io.
1285 2104 1357 2171 97v.

606 2226 906 2309 ademplendis.

198 2328 332 2395 Gratias
360 2328 422 2393 tibi
449 2328 619 2394 referimus
642 2329 779 2395 domine
802 2350 896 2395 sacro
917 2349 1054 2393 munere
1079 2328 1238 2413 uegetati.
1263 2338 1356 2395 tuam

155 2416 413 2566 mispricordiam
440 2417 687 2500 depraecantes.
712 2427 750 2482 ut
771 2418 891 2501 dignos
921 2436 983 2481 nos
1009 2416 1080 2481 eius
1102 2416 1359 2501 participatione

155 2526 214 2586 per
238 2524 313 2567 cras.
330 2524 394 2586 per.

285 2686 483 2751 Donnncn
506 2687 603 2751 XXI.
628 2701 717 2751 poss
741 2686 914 2752 Ocmsns
938 2686 1222 2748 Paniscosrsn.

199 2804 423 2887 Omnipotens
449 2817 483 2871 et
514 2808 697 2870 misericors
727 2807 809 2870 deus
839 2808 993 2871 uniuersa
1022 2805 1118 2868 nobis
1145 2804 1355 2868 aduersantia

156 2895 341 2976 propiatus¹
363 2894 513 2956 exclude.
531 2905 566 2956 ut
595 2905 706 2957 mente
733 2905 766 2957 et
790 2914 927 2976 corpore
951 2893 1074 2975 pariter
1097 2893 1258 2975 expediti.
1273 2910 1356 2973 quae

157 2993 214 3043 tua
229 2991 306 3043 sunt
323 2979 433 3042 liberis
450 2981 616 3043 mentibus
631 3001 846 3062 exequamur.
863 3001 928 3064 per.

688 3110 825 3175 Secreta.

202 3213 296 3275 Haec
316 3232 454 3276 munera
479 3233 659 3294 quesumus
683 3214 819 3277 domine
842 3233 929 3294 quae
952 3209 1056 3274 oculis
1078 3220 1158 3274 tuae
1174 3209 1407 3274 maiestatis

157 3298 333 3363 offerimus.
350 3300 506 3363 salutaria
522 3300 617 3363 nobis
632 3321 705 3364 esse
721 3299 875 3364 concede.
891 3320 949 3382 per
963 3299 1147 3362 dominum.

674 3437 856 3517 Praefatio.

200 3541 249 3603 (D
281 3550 414 3603 aeterne
444 3540 534 3603 deus.
580 3539 646 3622 Qui
678 3551 853 3624 propterea
891 3541 959 3603 iure
996 3539 1094 3623 punis
1130 3546 1286 3601 errantes.
1321 3544 1364 3599 et

156 3627 336 3690 clementer
359 3627 487 3690 resoues
511 3628 699 3709 castigatos.
716 3641 752 3691 ut
769 3648 829 3691 nos
844 3649 864 3691 a
881 3628 975 3690 maiis
998 3626 1153 3710 operibus
1176 3623 1353 3688 abstrahas.

156 3714 256 3778 etad
283 3714 371 3777 bona
401 3713 551 3777 iacienda
580 3724 763 3778 conuertas.
809 3714 898 3798 Quia
925 3735 991 3777 non
1019 3715 1068 3776 uis
1095 3713 1245 3776 inuenire
1265 3709 1347 3794 quod

155 3802 327 3882 dampnes.
343 3803 401 3864 sed
418 3821 490 3863 esse
513 3802 623 3883 potius
647 3804 737 3883 quod
763 3823 909 3865 corones.
954 3799 1022 3883 Qui
1046 3820 1121 3862 cum
1150 3819 1213 3881 pro
1237 3797 1347 3861 nostris

159 3889 599 3969 meritisiugitermereamur
608 3887 760 3971 affligitu
772 3899 883 3952 tamen
897 3889 1054 3951 iudicium
1064 3888 1106 3950 ad
1118 3886 1345 3949 correctionem

156 3988 330 4056 temperas.
343 3995 408 4036 non
422 3984 616 4057 perpetuam
629 3995 764 4039 exerces
775 3976 817 4039 ad
834 3994 985 4058 poenam.
996 3975 1102 4037 iustae
1113 3973 1203 4036 enim
1214 3972 1347 4054 corrigis

157 4073 190 4123 et
215 4061 396 4125 clementer
420 4062 570 4144 ignoscis
617 4062 657 4126 In
673 4072 814 4145 utroque
829 4082 941 4126 uerax.
958 4062 991 4124 in
1008 4070 1149 4142 utroque
1165 4060 1349 4123 misericors

158 4147 224 4229 Qui
242 4167 302 4210 nos
317 4168 357 4210 ea
379 4148 452 4231 lege
474 4149 631 4232 disponis
648 4159 686 4213 ut
702 4149 885 4213 coercendo
908 4149 940 4211 in
965 4156 1137 4212 aeternum
1161 4146 1270 4229 perire
1292 4166 1349 4210 non

156 4255 253 4298 smas.
266 4244 299 4298 et
315 4237 484 4318 parcendo
496 4237 639 4317 spatium
656 4236 781 4300 tribuas
797 4234 992 4319 corrigendi.
1003 4233 1060 4316 qui
1071 4234 1146 4298 ideo
1158 4232 1257 4297 maiis
1267 4252 1353 4316 prae·

155 4321 304 4386 sentibus
327 4343 388 4386 nos
404 4322 559 4406 flagellas.
583 4333 620 4387 ut
642 4323 686 4387 ad
709 4325 798 4387 bona
813 4323 923 4387 sutura
938 4324 1110 4406 perducas.
1166 4320 1251 4385 Ideo
1265 4320 1357 4387 bonis

544 4452 554 4490 ²
572 4459 622 4509 For
631 4460 791 4525 propitietur.
