3046 5092
409 364 501 415 DOM.
521 363 597 412 XVI.
618 362 714 412 POST
728 361 805 412 OCT.
826 359 1109 413 Jffl’recosml.
1316 372 1358 425 131

680 535 743 599 Ad
753 538 840 599 com.¹

205 649 362 714 Concede
384 650 481 713 nobis
504 649 639 712 domine
660 668 841 730 quesumus
864 659 900 710 ut
925 648 1006 710 haee
1028 647 1136 711 hostia
1159 646 1311 711 salutaris
1328 658 1360 710 et

161 748 349 887 ηοεϊὲοτυξη
367 735 426 799 fiat
442 737 596 819 purgatio
609 736 813 799 delictorum.
826 747 859 798 et
876 747 953 798 tuae
969 737 1161 818 propitiatio
1177 736 1359 818 potestatis

162 844 220 905 per
260 844 418 887 ominum.

674 959 854 1038 Praefatae.

204 1072 254 1135 (Β
279 1092 338 1154 per
360 1072 520 1136 christum
548 1072 721 1135 dominum
746 1082 904 1133 nostrum.
952 1069 1019 1152 Qui
1042 1072 1238 1135 aeternitate
1253 1092 1359 1135 sacer-

162 1158 243 1221 dotii
267 1160 318 1220 sui
334 1179 450 1221 omnes
474 1160 534 1222 tibi
561 1161 743 1222 seruientes
768 1158 953 1220 sanctificat
976 1162 1172 1222 sacerdotes.
1191 1159 1359 1242 Quoniam

162 1246 293 1308 mortali
309 1267 407 1308 carne
423 1247 618 1309 circumdati
636 1247 680 1309 ita
693 1246 868 1307 cotidianis
884 1256 1096 1327 peccatorum
1114 1247 1361 1309 remissionibus

163 1332 358 1413 indigemus,
390 1344 426 1396 ut
458 1354 524 1395 non
555 1334 663 1395 solum
695 1354 755 1414 pro
786 1331 920 1414 populo.
952 1334 1009 1394 sed
1041 1335 1142 1395 etiam
1174 1354 1234 1415 pro
1264 1335 1360 1396 nobis

161 1419 310 1481 ciusdem
338 1429 371 1482 te
395 1419 560 1502 pontificis
587 1419 851 1501 interpellatione
876 1420 1011 1500 sanguis
1035 1430 1162 1482 exoret.
1179 1441 1237 1502 per
1259 1439 1359 1500 quem

161 1507 371 1569 maiestatem
389 1518 490 1570 tuam.

609 1639 673 1702 Ad
688 1639 917 1720 conplendum.

205 1750 385 1814 Purificent
401 1771 531 1833 semper
546 1761 580 1814 et
597 1752 750 1813 muniant
767 1760 825 1813 tua
848 1759 1055 1813 sacramenta
1079 1771 1139 1812 nos
1156 1750 1245 1812 deus.
1264 1760 1297 1813 et
1320 1753 1362 1813 ad

158 1848 345 1920 perpetuae
360 1838 485 1901 ducant
500 1839 696 1901 saluationis
711 1837 876 1900 effectum.
894 1858 952 1920 per
968 1837 1143 1900 dominum
1160 1849 1318 1900 nostrum.

622 1991 898 2074 Superpopulum.

207 2100 266 2163 Da
281 2121 463 2183 quesumus
486 2102 622 2165 domine
645 2101 730 2164 hauc
759 2111 904 2163 mentem
933 2101 1057 2184 populo
1084 2112 1152 2164 tuo.
1182 2112 1218 2165 ut
1242 2104 1299 2185 qui
1323 2104 1366 2164 ad

155 2188 369 2270 placandum
405 2190 601 2251 necessitate
639 2189 812 2251 concurrit.
851 2189 1015 2251 maiestati
1054 2199 1131 2251 tuae
1170 2189 1228 2253 fiat
1265 2191 1366 2253 etiam

155 2276 343 2339 uoluntate
359 2277 509 2339 deuotus.
527 2296 592 2358 per.

302 2482 499 2546 Doumrcn
522 2482 618 2545 XVI.
643 2494 733 2545 rosr
757 2478 931 2544 Ocrnssns
956 2482 1236 2547 Puu'rucosruu.

205 2611 398 2676 'ecclesiam
436 2621 528 2673 tuam
567 2611 702 2673 domine
734 2612 903 2673 miseratio
940 2613 1135 2675 continuata
1166 2615 1303 2677 mundet
1335 2627 1368 2679 ct

155 2701 303 2763 muniat.
320 2710 354 2760 ct
369 2700 448 2779 quia
472 2700 543 2760 sine
570 2711 603 2760 tc
630 2719 696 2760 non
721 2707 832 2779 potest
855 2699 947 2761 salua
963 2701 1150 2763 consistere.
1167 2716 1224 2764 tuo
1240 2723 1370 2784 semper

155 2805 304 2850 munere
319 2786 530 2866 gubernetur.
546 2806 611 2867 per.

703 2921 840 2986 Secreta.

204 3036 284 3099 Tua
301 3055 362 3096 nos
377 3035 512 3097 domine
538 3044 746 3098 sacramenta
772 3035 971 3097 custodiant.
999 3045 1033 3097 et
1057 3046 1172 3100 contra
1188 3037 1369 3102 diabolicos

165 3131 325 3187 tueantur
341 3123 497 3184 incursus.
514 3143 580 3204 per.

681 3275 863 3352 Praefatio.

208 3388 277 3473 lffl
295 3396 427 3449 aeterne
443 3388 533 3450 deus
580 3387 625 3450 Et
641 3396 674 3449 te
690 3387 893 3449 incessanter
909 3386 1080 3467 praeclari³
1096 3397 1132 3450 ut
1147 3390 1203 3469 qui
1221 3389 1277 3471 [so
1294 3408 1368 3468 94v.

173 3482 199 3536 te
222 3484 360 3537 auctore
376 3475 594 3536 subsistimus,
618 3484 651 3536 te
675 3473 890 3554 dispensante
906 3474 1094 3554 dirigamur.
1141 3476 1217 3538 Nou
1250 3480 1370 3539 nostris

174 3561 320 3624 sensibus
351 3560 582 3641 relinquamur.
600 3561 656 3623 sed
688 3561 730 3621 ad
762 3571 839 3622 tuae
867 3560 991 3621 reducti
1019 3562 1185 3623 tramitem
1212 3565 1370 3626 ueritatis.

174 3645 249 3711 haec
280 3647 475 3710 studeamus
505 3668 660 3709 exercere
689 3667 775 3728 quae
807 3647 968 3727 praecipis
1007 3657 1042 3709 ut
1080 3650 1245 3729 possimus
1282 3649 1370 3713 dona

174 3736 338 3817 percipere
353 3755 439 3816 quae
455 3734 630 3817 promittis.
646 3754 704 3814 per
719 3733 878 3795 christum
894 3733 1067 3795 dominum
1084 3748 1241 3799 nostrum.

623 3887 685 3950 Ad
695 3885 919 3969 complendum.

213 3999 348 4062 Mentes
365 4009 494 4061 nostras
521 4009 554 4061 et
578 4020 716 4080 corpora
740 3999 910 4081 possideat
936 4019 1116 4079 quesumus
1142 4001 1277 4064 domine
1292 4003 1371 4065 doni

170 4086 322 4148 caelestis
337 4087 496 4168 operatio,
513 4094 550 4148 ut
566 4106 633 4148 non
657 4097 770 4148 noster
792 4105 908 4148 sensus
924 4086 957 4147 in
973 4086 1068 4148 uobis
1085 4088 1142 4150 sed
1166 4090 1286 4170 iugiter
1301 4091 1371 4153 eius

168 4173 363 4257 praeueniat
378 4171 522 4235 effectus.
539 4194 604 4255 per.

203 4348 211 4381 r

199 4354 397 4495 ''20:³55ss
408 4418 472 4468 been
483 4418 527 4468 leit
538 4417 576 4468 sor
587 4433 619 4467 an
631 4417 712 4467 inirial
729 4420 762 4478 A,
777 4416 860 4468 which
880 4417 924 4468 the
941 4417 1098 4468 illuminator
1114 4419 1161 4469 has
1179 4420 1247 4470 filled
1267 4422 1373 4473 withan

201 4549 418 4615 a
