3046 5092
474 320 529 370 DE
556 320 732 371 COMPUTO
760 319 1061 371 ECCLESIASTICO.
1336 329 1367 383 35

298 472 420 558 [Linea
435 474 555 536 christe
571 484 647 537 tuos
663 474 770 555 prima
779 484 830 536 est
839 494 925 555 quae
937 473 1087 536 continet
1096 492 1210 535 annos.
1223 470 1279 553 [fo
1297 489 1366 550 19v.

299 560 414 642 Atque
429 562 575 623 secunda
591 571 684 624 tenet
699 559 830 642 cyclum
847 561 904 642 qui
920 561 1057 623 indictio
1073 561 1226 623 constat.¹

299 646 455 711 Seruauit
470 667 626 710 numeros
641 657 777 729 epactas
794 649 891 710 tertia
906 656 1022 710 certas.

299 733 429 816 Quarta
445 735 515 796 dies
528 744 681 797 numerat
693 745 821 816 septem
839 734 1020 797 bissextilis
1036 733 1124 796 anni.

300 819 428 902 Quinta
444 820 502 883 tibi
519 821 630 902 cyclos
647 821 769 883 lunaris
785 831 958 902 computat
974 821 1060 883 anni.

303 909 374 971 Iam
391 918 509 989 quarta
525 909 671 970 decimas
687 908 840 990 designat
856 919 1020 989 sextaque
1035 906 1139 969 lunas.

301 994 454 1077 Septima
469 1014 546 1056 nam
564 994 707 1076 paschae
723 995 870 1057 ostendit
886 1005 1085 1076 tempusque
1101 995 1265 1075 diemque.

301 1081 459 1144 Aetatem
476 1081 574 1143 lunae
590 1090 754 1144 monstrat
770 1082 970 1144 nouissimus
986 1082 1076 1145 ordo,

302 1235 412 1298 Prima
427 1236 498 1299 dies
513 1235 634 1317 phoebi
650 1246 780 1299 sacrato
796 1236 931 1298 nomine
947 1234 1059 1316 fulget.

302 1322 470 1387 Uendicat
485 1332 520 1385 et
535 1322 648 1385 lucens
664 1322 779 1385 seriam
795 1323 856 1385 sibi
874 1323 952 1385 luna
967 1322 1157 1385 secundam.

303 1409 386 1472 Inde
402 1410 473 1471 dies
489 1409 603 1472 rutilat
619 1410 685 1471 iam
699 1410 796 1472 tertia
812 1410 926 1472 martis
943 1408 1076 1471 honore.

301 1497 485 1559 Mercurius
500 1506 653 1577 quartam
670 1496 902 1579 splendentem
919 1496 1067 1578 possidet
1083 1492 1178 1557 altus.

304 1584 454 1664 Ioppiter
468 1603 545 1645 ecce
561 1603 704 1665 sequens
720 1583 871 1664 quintam
888 1582 951 1645 sibi
967 1583 1035 1644 iure
1052 1581 1186 1644 dicabit.

301 1669 493 1734 Concordat
509 1671 638 1732 ueneris
655 1690 776 1751 magne
792 1690 867 1732 cum
884 1669 1020 1732 nomine
1035 1678 1140 1731 sexta.

303 1756 436 1819 Emicat
452 1756 541 1818 alma
556 1757 626 1818 dies
642 1766 778 1820 saturno
793 1757 937 1839 septima
952 1775 1093 1819 summo

303 1911 403 1972 Ianus
419 1919 453 1973 et
469 1911 640 1974 octember
654 1911 740 1976 binis
752 1910 944 1992 regulantur
959 1909 1108 1973 habenis

302 1996 370 2060 Ast
385 1996 518 2060 februus
534 1999 642 2079 quinis
659 2007 738 2061 ouat
753 2008 788 2062 et
803 2018 891 2060 mars
907 2006 1008 2078 atque
1024 1995 1217 2059 nouember.

303 2084 438 2165 Aprelis
454 2095 542 2147 certe
558 2095 690 2149 constat
705 2095 739 2147 et
755 2084 853 2147 iulius
868 2084 951 2146 unis.

304 2170 392 2233 Tum
409 2172 515 2234 maius
532 2173 634 2233 ternis
650 2173 735 2235 nitet
750 2180 976 2253 augustusque
992 2169 1172 2251 quateniis.

304 2258 418 2319 Iunius
434 2268 468 2320 et
483 2259 571 2320 senis
587 2258 677 2321 solus
693 2258 869 2320 manifeste
884 2259 1026 2320 metitur.

303 2343 502 2426 September
515 2347 641 2427 gaudet
656 2346 801 2426 septenis
818 2354 919 2426 atque
935 2343 1145 2426 september?

304 2497 502 2580 September
514 2520 646 2582 semper
660 2501 769 2582 quinis
785 2501 947 2564 octimber
962 2499 1109 2563 habenis.

304 2585 426 2667 Sicque
442 2586 626 2649 nouember
640 2596 720 2650 ouat
736 2589 881 2669 septenis
897 2597 998 2668 atque
1014 2586 1198 2651 december.

306 2672 407 2735 Ianus
423 2673 484 2736 rite
500 2693 621 2736 nouem
638 2675 685 2736 sic
702 2694 789 2736 mars
805 2673 1058 2755 comprehendit
1073 2675 1220 2736 eosdem.

306 2758 394 2822 Inde
409 2760 524 2823 decem
542 2760 675 2823 februus
691 2760 859 2843 regulatur
874 2760 994 2843 aprelis
1010 2770 1044 2823 et
1060 2761 1176 2824 isdem.

307 2844 398 2908 Hinc
414 2847 520 2909 maius
533 2848 673 2911 comites
688 2847 839 2911 undenos
855 2846 971 2909 ordine
987 2849 1124 2928 quaerit.

307 2933 422 2995 Iunius
437 2933 660 3016 exultansque
676 2944 820 2998 retentat
835 2935 904 2996 iure
920 2935 1102 2999 duodenos.

307 3018 411 3081 Iulius
426 3029 461 3082 at
476 3040 590 3083 caesar
604 3031 654 3083 ter
669 3021 764 3084 denis
779 3021 918 3084 testibus
934 3017 1093 3093 instatus†

304 3103 413 3186 Quart
428 3103 540 3179 denisi
555 3107 759 3190 regularibus
774 3117 809 3170 at
825 3107 967 3170 laetatur
982 3117 1129 3188 agustus.

307 3191 382 3254 Hos
398 3193 498 3274 igitur
510 3193 675 3276 regulares
692 3195 718 3256 si
734 3195 917 3276 coniungas
928 3195 1084 3275 aepactis.

306 3278 498 3361 Cognosces
514 3282 678 3343 mensium
691 3301 758 3362 qua
774 3280 852 3343 luna
868 3290 978 3343 aetate
994 3280 1163 3343 kalendas.

306 3363 468 3446 Quolibet
482 3366 545 3429 hae
560 3387 699 3430 numero
714 3367 801 3430 ultra
815 3368 883 3430 sint
897 3369 1021 3429 citraue
1036 3368 1165 3448 trigena

305 3452 469 3534 Altiuago
485 3454 633 3516 rutulans
648 3455 841 3517 transcurrit
856 3454 1000 3516 culmine
1015 3454 1107 3520 caeli.

306 3602 462 3689 sBissena
478 3609 644 3671 mensium
660 3608 822 3691 uertigine
834 3609 981 3671 uoluitur
996 3628 1111 3670 annus.
1252 3605 1308 3687 [lo.
1326 3621 1374 3667 20.

309 3691 512 3773 Septimanis
528 3696 637 3758 decies
653 3697 763 3777 quinis
785 3696 882 3758 simul
899 3704 1000 3777 atque
1015 3690 1160 3766 diebus.†

308 3778 377 3840 Ter
391 3781 539 3843 centenis
554 3781 671 3863 bisque
688 3783 823 3864 trigenis
839 3784 986 3864 quinque
1002 3781 1128 3844 diebus.

308 3863 376 3946 Qui
399 3868 501 3929 ternis
515 3871 641 3949 gaudet
656 3870 782 3933 diuisus
797 3878 885 3932 stare
900 3869 1095 3950 columpnis.

310 3950 444 4015 Scilicet
460 3954 568 4017 idibus
585 3965 619 4018 et
634 3956 730 4017 nonis
746 3955 843 4019 simul
860 3967 961 4037 atque
977 3954 1136 4017 kalendis.

310 4037 467 4120 Namque
482 4043 617 4121 quadris
633 4052 790 4105 constant
806 4044 902 4105 nonis
918 4061 1087 4105 occurrere
1104 4059 1245 4102 menses,

311 4122 439 4189 Omnes
454 4138 599 4208 excepto
615 4139 720 4192 marte
736 4142 769 4192 et
786 4130 874 4192 maio
890 4130 1038 4210 sequitur
1053 4147 1146 4209 quos.

313 4209 418 4274 Iulius
431 4214 602 4278 octember
621 4217 709 4278 senis
724 4217 785 4279 soli
801 4215 835 4278 hi
852 4217 1075 4280 moderantur.

407 4426 416 4460 ¹
433 4433 521 4483 Above
533 4435 576 4484 the
587 4435 656 4484 word
667 4435 793 4485 constatis
804 4434 888 4485 added
901 4436 919 4461 ‘⁶
928 4435 958 4484 id
965 4441 1000 4484 est
1010 4431 1133 4483 dt'cr'tur.”

410 4492 422 4525 ¹
437 4499 473 4548 So
485 4499 542 4550 MS.
556 4500 594 4550 ior
604 4501 730 4552 december.

1186 4578 1253 4624 l)2
