3046 5092
519 274 570 324 IN
587 275 735 327 UIGILIA
754 274 1040 333 Rauracosmt.

714 455 862 522 Tractus.

200 537 397 610 Cantemus
412 550 564 619 domino.

205 624 306 723 Deus
321 635 383 713 qui
400 636 435 699 in
452 640 602 706 abrahae
625 643 741 710 famuli
762 648 810 710 tui
834 668 935 731 opere
956 647 1103 712 humano
1125 646 1239 732 generi
1256 647 1390 711 oboedi-

152 720 270 775 ennae
291 724 459 805 exempla
483 731 675 808 praebuisti.
703 736 849 798 concede
873 735 968 798 nobis
993 747 1026 799 et
1052 746 1184 800 nostrae
1208 734 1389 799 uoluntatis

155 799 368 897 vamtatem
397 808 561 896 frangere.
587 829 622 881 et
649 830 782 884 tuorum
813 832 1064 905 praeceptorum
1090 822 1326 887 rectitudinem
1356 822 1387 884 in

154 886 319 952 omnibus
335 895 534 982 adimplere.
552 925 620 987 per,

725 1027 843 1092 Lectica

202 1106 246 1170 ln
262 1111 387 1182 diebus
402 1121 477 1188 illis.
525 1128 665 1214 Scripsit
682 1153 815 1214 moyses
830 1133 1006 1196 canticum.

712 1253 856 1317 Tractus.

204 1329 330 1405 Uinea.

712 1479 853 1544 Collecta.

206 1565 304 1666 Deus
320 1581 380 1660 qui
397 1583 431 1646 in
450 1588 546 1652 nobis
562 1612 621 1672 per
633 1592 868 1673 prophetarum
881 1589 962 1652 hora
974 1588 1172 1671 praecepisti
1189 1586 1380 1671 temporalia

163 1653 364 1751 &linquere
381 1680 485 1754 atque
509 1681 636 1740 aterna¹
660 1679 825 1741 festinare.
841 1678 885 1739 da
908 1675 1040 1739 famulis
1057 1677 1122 1739 tuis
1146 1686 1185 1739 ut
1200 1696 1288 1759 quae
1304 1697 1323 1739 a
1341 1685 1378 1737 te

163 1759 255 1911 ἓῐέὃ
264 1759 500 1835 cognouimus.
510 1763 664 1849 [implere
676 1765 809 1828 caelesti
822 1764 1037 1846 inspiratione
1053 1762 1235 1827 ualeamus.
1245 1763 1302 1847 [so.
1312 1765 1377 1843 83v.

723 1971 840 2036 Lectio,

210 2056 496 2145 Apprehendent.

708 2186 852 2251 Tractus.

211 2282 378 2356 Adtende
394 2297 535 2361 caelum.

713 2419 859 2484 Collecta.

214 2516 310 2584 Deus
327 2527 384 2607 qui
402 2550 461 2591 nos
478 2531 520 2593 ad
537 2530 792 2594 caelebrandum
817 2529 973 2613 paschale
990 2540 1239 2592 sacramentum
1262 2528 1361 2590 utrius·

172 2625 238 2686 que
264 2619 460 2680 testamenti
486 2620 616 2700 paginis
643 2619 799 2681 imbuisti.
834 2620 878 2680 da
909 2618 1004 2679 nobis
1037 2616 1223 2698 intelligere
1254 2612 1358 2677 miseri·

172 2695 304 2758 cordius
321 2711 396 2764 tuas
413 2715 449 2767 ut
475 2728 517 2767 ex
546 2707 758 2787 perceptione
774 2705 998 2787 praesentium
1016 2724 1201 2766 munerum.
1226 2702 1313 2765 firma
1326 2698 1356 2759 sii

175 2790 371 2864 expectatio
388 2792 579 2856 futurorum.
598 2815 664 2875 per.

720 2904 834 2967 Lectio.

221 2999 315 3065 Audi
335 3005 445 3070 Israel.

706 3121 849 3183 Tractus.

228 3213 321 3280 Sicut
342 3239 468 3282 ceruus,

228 3304 383 3369 Concede
408 3327 586 3387 quesumus
613 3308 824 3388 omnipotens
849 3307 931 3368 deus
954 3314 990 3367 ut
1013 3303 1069 3385 qui
1097 3303 1351 3390 sollempnitatem

184 3394 263 3455 (loni
302 3396 435 3476 spiritus
473 3395 576 3454 sancti
616 3395 762 3454 colimus.
798 3394 995 3454 caelestibus
1033 3392 1213 3452 desideriis.
1250 3400 1352 3451 accens1

186 3482 313 3546 iontem
330 3484 418 3545 uitae
432 3482 590 3544 sitiamus
607 3501 665 3562 per
680 3482 861 3542 dominum.
879 3481 910 3540 in
928 3481 1055 3541 unitate
1071 3479 1228 3540 eiusdem.
1319 3557 1324 3568 .

229 3571 452 3654 Omnipotens
469 3570 667 3649 sempiterne
683 3568 763 3629 deus
779 3569 835 3648 qui
853 3566 1008 3648 paschale
1024 3575 1267 3628 sacramentum
1282 3573 1353 3643 quin·

185 3663 346 3744 quaginta
371 3660 496 3722 dierum
524 3656 657 3717 uoluisti
684 3658 843 3734 mysterio
866 3654 1034 3715 contineri.
1052 3665 1183 3734 praesta
1199 3659 1352 3734 quesumus

187 3762 223 3814 ut
249 3750 396 3831 gentium
423 3746 508 3807 sacta
533 3744 692 3825 dispersio
720 3742 881 3803 diuisione
906 3742 1099 3822 linguarum.
1117 3742 1158 3803 ad
1176 3759 1273 3803 unam
1296 3749 1354 3795 con·

189 3840 365 3902 sessionem
393 3836 439 3897 tui
465 3833 607 3894 nominis
638 3829 773 3892 caelesti
799 3848 933 3890 munere
960 3837 1187 3909 congregetur.
1235 3828 1291 3889 l'er
1311 3821 1354 3882 d0·

190 3930 313 3992 minum
332 3934 488 3986 nostrum.
1415 3920 1417 4001 j

234 4017 346 4080 Fiuita
370 4011 512 4074 aratione
535 4003 728 4068 inclinantur
747 4001 906 4064 laetaniae
920 4012 1042 4083 septena
1056 4001 1103 4063 ad
1116 4002 1283 4063 introitum
1301 3999 1356 4057 ante
1415 4024 1417 4033 ·

190 4107 292 4168 altare
312 4111 421 4185 postca
444 4093 611 4159 descendat
631 4092 729 4155 abbas
750 4110 821 4151 cum
836 4090 918 4150 scala
932 4099 1061 4151 carrcutc
1084 4088 1244 4151 laetamus
1264 4085 1356 4175 quinas

191 4196 238 4257 rut
259 4196 363 4266 tinctus
387 4182 607 4250 bcrrcdicendas
629 4188 784 4259 sequatur
797 4178 899 4238 aratra
914 4187 945 4238 ct
952 4176 1125 4258 pr‘arffatia.
1172 4176 1241 4238 His
1254 4172 1358 4255 aptas

192 4266 324 4346 radiauit
347 4276 394 4339 aa'
412 4273 516 4335 altare
538 4290 609 4331 cam
633 4266 777 4330 laetania
801 4274 893 4326 terna
916 4285 975 4346 qua
991 4263 1091 4346 finita
1115 4264 1204 4325 dicat
1227 4257 1356 4326 sacerdus·

195 4371 308 4435 (ituria
325 4367 359 4429 in
376 4359 510 4425 excelsis.

662 4470 671 4504 ¹
688 4474 737 4521 For
748 4472 783 4520 ad
791 4478 898 4520 aetcma.
