3046 5092
438 346 550 396 MISSA
576 346 724 431 cunm
751 345 1064 401 ΤΕΜΡΤΑΤΙΟΝΕΜ.
1319 356 1366 411 257

168 501 375 585 propriorum
406 498 493 564 feriri
530 498 665 582 patiaris
702 518 850 562 excessu.
888 518 949 562 nec
986 499 1101 562 alienis
1140 499 1365 582 impietatibus

169 588 326 671 praebere
363 605 569 650 consensum.
638 584 705 651 Sed
747 604 854 647 mores
892 595 1023 649 nostros
1060 606 1100 649 ea
1138 587 1365 650 moderatione

168 694 358 756 componas.
375 683 496 737 uttam
522 673 556 734 in
584 672 679 735 nobis
705 691 805 753 quam
819 672 851 733 in
868 672 940 735 aliis
962 693 1048 754 quae
1063 683 1139 736 sunt
1155 674 1242 737 iusta
1257 694 1365 737 serue-

166 781 249 823 mus.
266 772 300 823 et
315 761 357 823 ad
374 768 508 822 aeterna
523 759 646 841 gaudia
661 757 831 841 peruenire
848 778 1039 822 mereamur.
1056 781 1115 842 per
1130 760 1297 823 christum.

628 896 729 974 Infra
743 895 907 958 actirmem.

210 1011 309 1073 Hanc
326 1009 425 1092 igitur
439 1007 642 1072 oblationem
666 1007 801 1070 domine
821 1005 935 1070 famuli
958 1008 1014 1071 tui.
1039 1008 1080 1070 N.
1104 1018 1137 1071 et
1161 1008 1302 1091 reginae.
1319 1010 1363 1071 ill.

162 1117 240 1161 cum
258 1096 332 1159 filiis
348 1097 415 1159 suis
431 1095 483 1158 uel
500 1094 625 1177 populo
637 1093 816 1157 christiano
830 1114 931 1176 quam
947 1093 1006 1157 tibi
1024 1095 1240 1158 ministerium
1265 1095 1362 1159 officii

164 1183 377 1247 sacerdotalis
392 1181 568 1245 offerimus.
585 1181 747 1263 propitius
762 1200 800 1245 ac
816 1180 978 1263 benignus
1000 1202 1138 1245 assume.
1156 1192 1189 1245 et
1204 1193 1361 1246 exoratus

163 1281 279 1335 nostra
315 1268 551 1333 obsecratione.
582 1269 728 1331 concede
758 1278 794 1331 ut
825 1268 990 1331 maiestati
1021 1279 1098 1332 tuae
1135 1270 1177 1331 sit
1215 1280 1360 1352 accepta.

165 1358 315 1439 Diesque
331 1365 469 1419 nostros.

616 1491 679 1554 Ad
688 1490 915 1573 complendum.

208 1605 342 1667 Praesta
368 1623 548 1686 quesumus
578 1604 790 1685 omnipotens
820 1604 910 1666 deus.
937 1613 974 1666 ut
1004 1622 1062 1685 per
1092 1603 1173 1666 haec
1205 1606 1362 1686 mysteria

159 1712 248 1773 quae
278 1693 487 1774 sumpsimus.
515 1710 574 1752 rex
601 1700 720 1752 noster.
744 1689 786 1752 N.
813 1700 847 1753 et
872 1691 992 1772 regina.
1020 1691 1058 1752 N.
1086 1690 1137 1752 uel
1164 1689 1220 1752 filii
1247 1712 1360 1754 eorum

161 1788 196 1841 et
213 1778 356 1861 populus
380 1777 575 1841 christianus
591 1796 722 1858 semper
738 1774 945 1839 rationabilia
970 1777 1177 1840 meditantes.
1194 1798 1278 1859 quae
1301 1777 1360 1841 tibi

159 1876 239 1927 sunt
271 1865 399 1946 placita.
437 1874 470 1927 et
501 1864 597 1926 dictis
635 1873 844 1944 exequantur
879 1873 913 1924 ct
951 1862 1053 1926 sactis.
1092 1885 1151 1946 per
1187 1865 1358 1927 dominum

161 1961 322 2015 nostrum.

484 2119 600 2181 M1ssn
624 2132 693 2181 nno
717 2117 1049 2181 eonem-ennom.

203 2261 356 2324 Defende
370 2279 550 2341 quesumus
572 2259 707 2322 domine
730 2257 829 2321 beato
851 2269 945 2341 petro
969 2259 1120 2340 apostolo
1143 2271 1202 2323 tuo
1225 2262 1362 2325 interce-

157 2348 268 2411 dente.
295 2348 393 2410 istam
418 2345 461 2409 ab
485 2347 575 2409 omni
601 2346 801 2408 aduersitate
825 2345 991 2408 familiam.
1009 2343 1062 2417 ut†
1081 2347 1139 2408 tibi
1165 2357 1237 2410 toto
1261 2350 1360 2412 corde

159 2445 367 2516 prostratam.
391 2433 435 2497 ab
458 2432 603 2496 hostium
627 2433 788 2514 propitius
814 2430 921 2504 tuere†
939 2431 1118 2495 clementer
1141 2434 1274 2497 insidiis.
1302 2456 1360 2518 per

155 2522 340 2585 dominum.

693 2656 830 2719 Secreta.

200 2768 339 2850 Suscipe
365 2787 543 2848 quesumus
568 2766 747 2829 clementer
770 2767 981 2848 omnipotens
1004 2767 1093 2829 deus.
1114 2778 1244 2830 nostrae
1269 2770 1358 2832 obla-

156 2856 282 2918 tionem
298 2855 493 2918 deuotionis.
509 2863 543 2916 et
565 2874 624 2936 per
639 2854 794 2916 uirtutem
811 2853 906 2915 huius
929 2855 1134 2916 sacramenti.
1151 2864 1226 2916 tuae
1244 2856 1359 2917 maies-

157 2943 235 3005 tatis
256 2941 397 3004 famulos
418 2940 683 3022 congregationis
705 2941 805 3002 istius.
822 2960 842 3002 a
857 2941 983 3002 cunctis
1000 2951 1136 3023 protege
1151 2942 1358 3004 aduersitati-

157 3027 226 3092 bus.
242 3048 301 3112 per
316 3028 497 3091 dominum.

605 3162 668 3225 Ad
678 3162 905 3243 conplendum.

198 3275 350 3358 Sumptis
378 3274 614 3357 redemptionis
645 3284 776 3337 nostrae
807 3274 995 3336 muneribus
1026 3286 1157 3356 praesta
1180 3296 1358 3356 quesumus

155 3364 366 3445 omnipotens
381 3371 415 3423 et
432 3361 614 3424 misericors
629 3361 718 3423 deus.
729 3381 841 3423 eorum
858 3360 1099 3423 caelebratione
1114 3361 1186 3441 lno-
1197 3362 1251 3444 [fo.
1270 3366 1357 3426 186r.

157 3448 204 3511 bis
227 3460 305 3512 tuae
330 3449 551 3530 protectionis.
575 3458 690 3510 contra
713 3468 829 3509 omnes
854 3447 1069 3510 aduersitates
1093 3449 1284 3512 subsidium.
1302 3472 1359 3532 per

156 3536 327 3600 dominum
344 3544 492 3597 nostrum
509 3535 612 3597 iesum
628 3533 794 3597 christum.

161 3732 272 3799 M1ssn
296 3734 455 3800 Conrna
490 3736 728 3799 lnnnconun
752 3735 1060 3799 Tenemnoxen
1089 3737 1355 3800 qu1s1nn1ur1.

198 3879 422 3962 Omnipotens
444 3880 616 3942 mitissime
631 3881 712 3943 deus
731 3882 856 3963 respice
879 3882 1039 3963 propitius
1063 3902 1196 3964 praeces
1219 3892 1355 3945 nostras.

158 3976 188 4028 et
203 3966 306 4029 libera
328 3987 386 4029 cor
400 3976 548 4029 nostrum
565 3966 606 4029 de
629 3967 788 4029 malarum
809 3969 1028 4049 temptatione
1049 3970 1295 4050 cogitationum.
1320 3981 1356 4032 ut

159 4054 288 4135 spiritus
304 4054 409 4116 sancti
425 4054 563 4135 dignum
581 4053 648 4116 fieri
665 4053 891 4116 habitaculum
908 4075 1099 4118 mereamur.
1116 4076 1181 4139 per.

687 4200 823 4263 Secreta.

198 4311 272 4373 Has
288 4309 348 4373 tibi
364 4311 499 4374 domine
521 4310 603 4373 deus
625 4309 794 4374 offerimus
818 4309 1003 4373 oblationes
1030 4332 1090 4393 pro
1113 4311 1219 4375 salute
1244 4323 1355 4375 nostra

156 4398 309 4477 quatinus
324 4398 452 4460 animas
475 4408 603 4461 nostras
628 4397 713 4459 illius
739 4398 844 4461 sancti
870 4399 1003 4481 spiritus
1027 4399 1134 4479 gratia
1159 4399 1357 4463 inluminare

155 4482 306 4566 digneris.
323 4504 381 4567 per
395 4484 578 4547 dominum.
594 4485 749 4547 eiusdem.

194 4574 392 4649 Junnaces.
1207 4586 1224 4637 s
