3046 5092
404 358 456 409 XI.
479 358 564 409 KAL.
592 358 694 409 SEPT.
722 357 817 410 mr.-
838 357 866 408 S.
893 358 1166 409 SYMPHORIANI.
1332 374 1380 425 203

713 515 850 580 Secreta.

222 617 358 680 Praesta
383 616 480 680 nobis
504 635 685 698 quesumus
708 615 921 698 omnipotens
945 615 1026 677 deus
1042 624 1079 678 ut
1096 624 1228 678 nostrae
1250 613 1381 677 humili-

177 704 257 767 tatis
272 702 406 766 oblati0.
423 713 456 766 et
472 724 533 786 pro
559 712 692 766 tuorum
717 712 813 784 grata
839 702 883 765 sit
906 701 1032 765 honore
1056 712 1256 765 sanctorum.
1272 711 1306 764 et
1323 721 1383 762 nos

177 810 315 871 corpore
330 791 453 872 pariter
468 801 501 853 et
519 798 630 853 mente
646 788 805 871 purificet.
821 809 881 870 per
895 789 1078 852 dominum.

687 909 871 990 Praefatio.

222 1010 273 1073 tf)
298 1019 431 1072 aeterne
455 1010 548 1072 deus.
573 1011 629 1090 qui
657 1009 755 1072 beato
782 1009 917 1089 martyri
944 1019 1003 1071 tuo
1026 1008 1183 1071 uirtutem
1206 1009 1239 1070 in
1257 1006 1383 1070 confes-

178 1096 271 1158 sione
298 1098 470 1178 pugnanti.
495 1107 529 1158 et
555 1097 694 1178 gloriam
721 1097 753 1157 in
779 1098 933 1178 passione
959 1096 1104 1157 uincenti
1133 1095 1310 1159 contulisti.
1325 1095 1381 1174 qui

178 1202 346 1246 summum
370 1183 451 1246 illud
476 1183 636 1264 unigeniti
662 1183 709 1246 tui
735 1202 856 1244 nomen
884 1202 994 1245 coram
1023 1181 1162 1263 regibus
1179 1193 1212 1244 et
1235 1191 1381 1263 potesta-

180 1270 268 1331 tibus
299 1269 395 1333 huius
433 1270 554 1333 saeculi
594 1290 675 1332 uoce
713 1269 815 1331 libera
853 1279 1049 1350 protestans.
1081 1270 1283 1350 praetiosum
1322 1268 1381 1331 tibi

179 1357 375 1437 sanguinem
385 1357 529 1438 gloriosa
541 1366 646 1419 morte
657 1356 794 1418 suderat.
802 1374 860 1438 per
869 1355 1027 1419 christum
1039 1356 1211 1418 dominum
1224 1366 1380 1417 nostrum.

633 1466 696 1530 Ad
706 1467 931 1549 conplendurrr.

221 1565 298 1629 Tua
327 1577 443 1630 sancta
473 1575 641 1630 sumentes
679 1587 859 1647 quesumus
896 1566 1032 1629 domine
1067 1576 1103 1629 ut
1141 1566 1230 1630 beati
1270 1565 1381 1647 magni

180 1654 335 1734 martyris
351 1655 406 1717 tui.
424 1675 484 1717 nos
501 1653 636 1716 foueant
652 1655 846 1716 continuata
862 1654 1034 1735 praesidia.
1052 1674 1110 1735 per
1125 1653 1309 1715 dominum.

233 1832 283 1881 xi.
308 1819 399 1882 Kar..
424 1819 528 1883 Seps.
553 1819 709 1883 Narnia
734 1818 875 1883 Snncrr
899 1819 1095 1883 Truorffln
1120 1819 1326 1881 Mannum.

224 1922 401 1985 Auxilium
429 1935 523 1986 tuum
552 1924 646 1986 nobis
679 1923 814 1985 domine
844 1922 994 2004 placatus
1025 1923 1188 2004 impende.
1220 1931 1253 1983 et
1283 1922 1383 1983 inter-

174 2011 319 2072 cedente
343 2009 442 2072 beato
469 2009 631 2072 timotheo
655 2020 801 2091 martyre
825 2020 884 2072 tuo
910 2009 1085 2072 dexteram
1109 2028 1208 2091 super
1229 2028 1289 2070 nos
1305 2017 1382 2070 tuae

175 2096 425 2177 propitiationis
440 2097 595 2159 extende.
611 2117 677 2179 per.

712 2207 850 2271 Secreta.

222 2306 377 2387 Accepta
393 2307 452 2369 tibi
463 2308 506 2370 sit
516 2307 651 2369 domine
667 2317 795 2384 sacrate
808 2306 915 2388 plebis
925 2305 1050 2369 oblatio
1060 2327 1120 2388 pro
1132 2309 1197 2384 ltu·
1218 2303 1273 2387 [io.
1294 2318 1384 2384 145v.

171 2412 274 2456 orum
300 2392 426 2455 honore
446 2405 645 2457 sanctorum.
666 2414 806 2474 quorum
824 2414 859 2455 se
875 2393 1000 2456 meritis
1024 2394 1209 2474 percepisse
1224 2394 1267 2455 de
1282 2393 1385 2454 tribu-

173 2478 305 2543 latione
321 2481 492 2561 cognoscit
509 2479 680 2543 auxilium.
698 2500 764 2562 per.

689 2590 869 2670 praefatu.

222 2689 274 2753 (D
303 2696 438 2751 aeterne
461 2689 550 2752 deus.
605 2689 681 2752 Tibi
712 2690 801 2751 enim
832 2688 916 2752 festa
953 2688 1190 2771 sollempnitas.
1222 2689 1281 2752 tibi
1312 2689 1383 2752 dies

167 2785 311 2839 sacrata
334 2775 546 2839 caelebratur.
592 2776 703 2859 Quam
720 2777 809 2839 beati
832 2776 984 2839 timothei
1001 2776 1155 2858 martyris
1176 2776 1223 2838 tui
1248 2777 1383 2857 sanguis

167 2861 210 2925 in
241 2863 393 2924 ueritatis
419 2872 496 2925 tuae
523 2862 756 2926 testificatione
780 2862 942 2944 profusus
961 2863 1138 2944 magnifico
1166 2864 1309 2925 nominis
1334 2863 1382 2925 tui

165 2946 307 3013 honore
322 2949 474 3030 signauit.
491 2970 551 3032 per
566 2950 733 3012 christum.

635 3062 666 3124 A
670 3061 697 3124 d
707 3061 931 3143 complendum.

222 3158 342 3222 Diuini
359 3161 503 3223 muneris
519 3159 672 3242 largitate
692 3161 804 3224 satiati
827 3180 1008 3242 quesumus
1023 3161 1158 3224 domine
1174 3162 1255 3224 deus
1272 3172 1385 3225 noster

160 3257 215 3310 ut
232 3247 461 3309 intercedente
485 3246 584 3309 beato
611 3247 774 3309 timotheo
802 3258 947 3329 martyre
967 3258 1033 3310 tuo,
1050 3249 1119 3311 eius
1135 3269 1267 3330 semper
1283 3250 1383 3330 parti-

159 3333 350 3417 cipatione
366 3334 526 3397 uiuamus.
543 3354 609 3415 per.

221 3486 366 3550 Eoonn
390 3486 464 3549 Du:
489 3487 645 3549 Names
670 3486 811 3552 San-err
837 3486 1106 3551 Suum-romam
1131 3488 1339 3552 Maserius.

221 3588 496 3654 Sacratissimum
513 3590 648 3653 domine
660 3610 839 3670 quesumus
852 3591 958 3652 sancti
975 3590 1128 3671 martyris
1145 3592 1193 3654 tui
1210 3591 1383 3673 symphor·

159 3671 247 3740 iani
275 3676 366 3739 diem
391 3696 501 3739 annua
535 3676 783 3759 sollempnitate
810 3686 1014 3740 uenerantes.
1040 3676 1083 3738 ab
1113 3679 1203 3740 omni
1234 3689 1384 3742 creatura

155 3760 376 3838 tremendo†
396 3762 439 3825 ab
457 3764 547 3826 omni
567 3763 753 3826 humilitate
773 3761 989 3839 uenerand0.†
1010 3763 1267 3827 misericordiam
1290 3774 1382 3827 tuam

156 3853 430 3933 depraecamur.
457 3860 494 3912 ut
520 3850 605 3913 sicut
631 3849 686 3912 ille
712 3859 785 3912 toto
810 3860 891 3912 uoto
919 3848 1120 3930 martyruml
1146 3861 1179 3913 te
1204 3852 1384 3914 adiuuante

156 3936 335 4021 gaudens
365 3936 518 4017 suscepit.
549 3937 596 3998 ita
626 3956 686 3999 nos
717 3936 914 4017 temporalia
943 3936 1068 4015 gaudia
1097 3935 1324 4013 uoluntatem
1349 3948 1383 4002 et

159 4036 354 4087 aeternam
371 4023 628 4085 misericordiam
645 4042 895 4104 consequamur.
911 4044 978 4105 per.

715 4142 852 4207 Secreta.

224 4241 324 4305 Deus
353 4241 411 4322 qui
441 4241 546 4304 sancti
578 4243 731 4324 martyris
763 4242 810 4303 tui
841 4241 1069 4324 symphoriani
1101 4243 1197 4306 nobis
1227 4242 1385 4326 suffragia

171 4328 315 4393 dedisti
348 4329 394 4391 da
427 4328 523 4392 nobis
554 4339 592 4392 ut
624 4328 710 4391 illius
740 4328 942 4391 instruamur
971 4327 1045 4392 lide.
1076 4331 1169 4393 cuius
1200 4332 1384 4412 patrocinio

178 4417 390 4481 adiuuamur.
413 4424 450 4478 ut
483 4416 564 4479 dum
589 4415 648 4479 tibi
676 4416 709 4478 in
736 4415 806 4477 eius
832 4414 1081 4497 sollempnitate
1104 4417 1248 4480 hostiam
1277 4418 1384 4481 laudis

178 4500 355 4566 offerimus
371 4500 583 4585 propietatis†
596 4513 674 4565 tuae
690 4502 810 4564 nostris
825 4501 993 4583 obsequiis
1015 4501 1214 4586 placeamus.
1231 4525 1297 4587 per.
