3046 5092
460 341 570 392 MISSA
597 341 744 393 CONTRA
770 341 1049 405 OBLOQUENTES.
1306 344 1353 404 267

610 496 673 561 Ad
682 497 906 579 corrmlendum.

201 605 329 670 Auerte
349 607 484 670 domine
508 628 687 689 quesumus
711 628 732 671 a
753 607 904 672 fidelibus
929 608 994 671 tuis
1019 620 1156 672 cunctos
1181 610 1354 672 miseratus

154 713 289 756 errores.
319 704 353 757 et
382 695 579 757 seuientium
611 696 799 758 morborum
831 695 960 778 depelle
990 696 1176 776 perniciem.
1205 706 1241 759 ut
1270 716 1354 777 quos

157 780 277 842 merito
303 779 451 862 flagellas
475 782 597 845 deuios.
615 781 729 844 foueas
745 791 802 845 tua
827 782 1037 845 miseratione
1053 781 1192 864 scorrec-
1209 782 1264 865 [lo
1287 800 1353 862 193.

156 876 217 928 tos.
235 887 293 949 per
308 868 489 930 dominum.

470 1078 611 1167 *M1ssn
636 1091 676 1138 ru
701 1076 885 1139 Teneone
909 1077 1031 1139 Bam.

204 1220 295 1283 Deus
320 1222 411 1285 cuius
439 1242 584 1303 regnum.
609 1231 659 1284 est
685 1222 834 1284 omnium
865 1222 1070 1285 saeculorum
1097 1221 1355 1304 supplicationes

159 1317 288 1370 nostras
304 1309 483 1371 clementer
497 1309 629 1371 exaudi.
640 1318 673 1370 et
685 1309 937 1371 christianorum
954 1329 1091 1390 regnum
1108 1310 1167 1371 tibi
1184 1309 1353 1371 subditum

158 1404 304 1476 protege.
317 1406 352 1457 ut
370 1396 400 1457 in
418 1405 474 1458 tua
490 1396 612 1457 uirtute
628 1393 766 1457 fidentes
779 1405 812 1457 et
828 1396 887 1458 tibi
904 1395 1065 1478 placeant.
1082 1406 1114 1458 et
1130 1416 1228 1477 super
1243 1396 1355 1457 omnia

157 1500 260 1563 regna
276 1481 484 1563 praecellant.
501 1502 566 1564 per.

692 1602 828 1665 Secreta.

203 1713 408 1778 Sacrificium
425 1715 560 1778 domine
576 1715 665 1795 quod
683 1714 895 1776 immolamus
911 1714 1053 1777 intende.
1071 1725 1107 1778 ut
1123 1715 1166 1776 ab
1186 1716 1277 1777 omni
1294 1735 1354 1777 nos

158 1810 264 1900 creuat
291 1800 451 1864 bellorum
479 1802 625 1882 nequitia
651 1810 684 1863 et
710 1802 742 1863 in
761 1810 838 1863 tuae
855 1802 1072 1883 protectionis
1088 1802 1263 1865 securitate
1280 1821 1355 1864 con·

158 1896 283 1950 stituat.
301 1908 366 1969 per.

669 2007 849 2087 Praefatio.

204 2121 255 2184 (D
282 2130 414 2183 aeterne
444 2120 533 2181 deus.
594 2118 660 2201 Qui
690 2119 856 2181 subiectas
886 2119 946 2180 tibi
977 2118 1141 2201 glorificas
1172 2129 1355 2200 potestates

159 2208 290 2288 suscipe
316 2225 495 2288 quesumus
519 2206 683 2288 propitius
705 2225 839 2287 praeces
856 2216 984 2268 nostras
1008 2216 1041 2269 et
1065 2207 1149 2269 uires
1166 2207 1252 2269 adde
1268 2208 1355 2288 prin·

159 2294 290 2375 cipibus
313 2293 440 2355 nostris
465 2301 502 2354 ut
525 2294 581 2372 qui
604 2312 640 2354 se
663 2293 803 2354 dextera
828 2302 885 2355 tua
915 2301 1079 2373 expetunt
1103 2294 1240 2374 protegi.
1264 2293 1355 2355 nulla

160 2380 290 2463 possint
312 2379 513 2442 aduersitate
536 2380 690 2461 superari.
738 2378 886 2441 Fidelem
913 2399 1045 2460 quoque
1072 2380 1232 2462 populum
1260 2390 1354 2442 tuum

160 2468 331 2549 potentiae
344 2477 421 2528 tuae
438 2466 565 2528 muniat
582 2467 696 2529 inuita¹
710 2465 867 2528 defensio.
886 2476 920 2527 ut
933 2467 989 2547 pio
1000 2486 1131 2548 semper
1143 2467 1202 2528 tibi
1214 2468 1356 2529 deuotus

160 2552 291 2617 affectu.
316 2562 349 2615 et
376 2553 419 2615 ab
446 2551 572 2615 infestis
597 2552 753 2616 liberetur
776 2553 924 2614 inimicis.
942 2563 975 2614 et
993 2553 1024 2614 in
1041 2563 1099 2614 tua
1115 2554 1235 2633 iugiter
1250 2554 1356 2633 gratia

159 2650 356 2723 perseueret.
373 2660 431 2720 per
446 2638 611 2702 christum.

612 2776 643 2838 A
647 2775 674 2838 d
684 2775 909 2857 complendum.

205 2886 415 2951 Sacrosancti
439 2888 584 2970 corporis
607 2896 641 2950 et
663 2888 833 2967 sanguinis
860 2887 987 2949 domini
1016 2889 1119 2950 nostri
1147 2888 1215 2951 iesu
1243 2887 1355 2951 christi

161 2973 340 3037 resectione
363 2974 517 3055 uegetati.
540 2974 706 3056 supplices
725 2984 758 3035 te
780 2993 934 3055 rogamus
952 2974 1164 3055 omnipotens
1188 2975 1279 3038 deus.
1297 2976 1355 3038 ad-

159 3081 233 3123 esse
259 3060 404 3143 digneris
431 3060 634 3143 principibus
658 3061 787 3122 nostris.
813 3071 848 3122 ut
875 3080 1015 3141 quorum
1043 3061 1103 3123 tibi
1134 3061 1282 3124 subiecta
1305 3072 1356 3125 est

161 3147 339 3210 humilitas
356 3167 469 3210 eorum
488 3148 609 3228 ubique
625 3146 842 3209 excellentior
859 3148 901 3209 sit
917 3157 1073 3228 potestas.
1087 3167 1151 3229 per.

466 3363 582 3425 Missa
606 3361 765 3426 Conana
788 3361 1076 3440 omonnanrus.

207 3509 342 3571 Praesta
357 3528 536 3590 quesumus
552 3509 763 3589 omnipotens
782 3508 864 3570 deus
885 3518 921 3577 ut
946 3509 1106 3572 mentium
1127 3505 1358 3590 reproboruml

164 3616 229 3658 non
247 3615 414 3657 curremus
429 3595 609 3676 obloquio'
625 3596 682 3658 sed
699 3595 816 3657 eadem
836 3596 1001 3676 prauitate
1019 3594 1147 3657 calcata
1171 3614 1356 3656 exoramus.

164 3692 200 3745 ut
227 3701 287 3744 nec
314 3682 425 3744 terreri
450 3702 509 3743 nos
534 3681 790 3743 lacerationibus
813 3683 948 3761 patiaris
972 3682 1109 3745 iniustis,
1126 3702 1186 3744 nec
1202 3682 1358 3762 captiosis

162 3767 408 3831 adulationibus
434 3767 601 3850 implicari.
628 3768 686 3830 sed
714 3769 824 3850 potius
851 3788 963 3830 amare
990 3788 1075 3849 quae
1105 3769 1276 3850 praecipis.
1299 3788 1359 3849 per

160 3855 343 3918 dominum.

689 3973 826 4038 Secreta.

204 4084 358 4169 [Oblatio
378 4087 513 4149 domine
531 4087 596 4149 tuis
619 4087 808 4168 aspectibus
825 4086 1038 4151 immolanda.
1055 4106 1173 4167 quesu-
1191 4082 1247 4170 [io.
1268 4101 1357 4164 193v.

162 4192 236 4235 mus
252 4183 289 4235 ut
311 4181 345 4235 et
368 4193 428 4235 nos
455 4171 498 4235 ab
521 4172 675 4236 omnibus
691 4174 779 4235 uitiis
795 4183 949 4254 potenter
970 4173 1130 4236 absoluat.
1146 4182 1180 4235 et
1196 4192 1216 4235 a
1231 4173 1358 4235 cunctis

159 4259 319 4322 defendat
335 4259 483 4322 inimicis.
499 4280 557 4341 per
573 4260 754 4322 dominum.

584 4440 593 4473 ¹
611 4446 646 4495 So
658 4446 714 4497 MS.
729 4444 767 4495 lor
777 4447 880 4495 inuicta.

581 4507 592 4539 ²
608 4510 658 4559 For
669 4526 782 4560 curemus
792 4512 940 4575 obloquium.
