3046 5092
158 322 210 375 η,
539 306 789 359 amorem
814 306 973 361 mom

710 457 804 523 Alia.

204 590 257 655 Te
271 590 467 653 inuocamus
481 586 618 651 domine
631 594 757 650 sancte
770 594 868 668 pater
887 587 1104 669 omnipotens
1125 596 1265 653 aeterne
1279 590 1369 655 deus

162 696 261 760 super
275 675 362 740 hanc
377 673 538 739 famulam
553 683 647 737 tuam
662 692 750 755 quae
764 672 826 736 tibi
841 673 937 737 uouit
951 674 1083 737 seruire
1093 676 1188 759 puris
1199 676 1370 741 mentibus

164 765 357 845 mundoque
386 761 486 826 corde
514 768 553 823 ut
581 778 657 823 eam
686 758 814 823 sociare
842 759 990 843 digneris
1018 761 1106 825 inter
1142 762 1201 827 illa
1233 774 1370 829 centum

164 850 389 934 quadraginta
405 857 565 931 quattuor
580 845 672 909 milia
686 844 862 910 insanum.
876 846 935 929 qui
949 847 1096 930 uirgines
1112 860 1372 931 permanserunt

164 947 199 1001 et
213 956 250 1001 se
264 956 341 999 cum
357 933 551 999 mulieribus
567 952 634 997 non
650 933 961 1015 coinquinauerunt
975 934 1010 997 in
1024 954 1169 1018 quorum
1190 956 1252 1000 ore
1274 938 1373 1003 dolus

165 1024 322 1087 inuentus
336 1041 404 1086 non
418 1030 478 1086 est
525 1020 579 1084 Ita
592 1029 628 1084 et
642 1018 730 1083 hanc
743 1018 905 1084 famulam
927 1030 1023 1085 tuam
1045 1019 1150 1086 facias
1172 1043 1373 1105 permanere

166 1109 402 1173 inmaculatam
429 1126 535 1189 usque
557 1106 591 1170 in
613 1104 715 1169 linem
738 1126 799 1189 per
819 1106 1070 1173 inmaculatum
1091 1108 1273 1175 dominum
1296 1131 1374 1177 nos·

165 1206 264 1261 trum.
278 1215 354 1260 curn
369 1214 438 1279 quo
453 1194 547 1258 uiuis.

514 1394 632 1459 Mrssn
648 1392 824 1458 Erusussr
842 1392 1017 1458 U1uuua¹

211 1552 267 1617 Da
281 1569 462 1636 quesumus
476 1548 613 1613 domine
627 1546 773 1612 famulae
794 1558 873 1613 tuae
894 1568 996 1632 quam
1019 1548 1225 1633 uirginitatis
1246 1551 1374 1617 honore

166 1640 325 1723 dignatus
347 1658 383 1701 es
404 1638 562 1701 decorare
583 1634 731 1699 inchoati
760 1637 872 1719 operis
900 1647 1173 1702 consummatum
1204 1638 1371 1703 ellectum

165 1734 201 1791 et
222 1723 275 1811 lut
297 1723 478 1809 perfectam
501 1722 562 1786 tibi
584 1720 704 1787 offerat
724 1721 977 1804 plenitudinem
1000 1723 1096 1788 initia
1115 1744 1179 1789 sua
1211 1720 1270 1811 [lo
1305 1726 1372 1807 19&

165 1814 345 1899 perducere
360 1819 525 1875 mereatur
538 1809 581 1873 ad
597 1807 707 1873 finem.
722 1828 790 1891 per.
1366 1810 1373 1823 '

698 1956 836 2023 Secreta.

211 2090 346 2158 Oblatis
375 2086 493 2153 hostiis
522 2084 660 2153 domine
688 2105 871 2169 quesumus
903 2087 1071 2169 praesenti
1109 2086 1259 2154 famulae
1295 2099 1370 2155 tuae

166 2176 448 2262 perseuerantiam
479 2180 661 2258 perpetuae
689 2172 892 2257 uirginitatis
920 2175 1142 2239 accommoda
1173 2186 1214 2240 ut
1251 2178 1369 2261 apertis

166 2264 274 2330 ianuis
303 2263 425 2327 summi
448 2261 534 2344 regis
556 2268 759 2325 conuentum
781 2278 859 2323 cum
880 2259 1010 2325 laetitia
1038 2272 1209 2326 mereatur
1230 2262 1369 2328 introire

165 2370 226 2436 per
239 2351 422 2415 dominum.

629 2478 691 2542 Ad
700 2428 924 2561 cornpleridurn.

214 2610 356 2692 Respice
387 2611 522 2674 domine
554 2608 696 2671 famulae
726 2619 803 2671 tuae
826 2608 973 2672 debitam
997 2610 1204 2674 seruitutem.
1229 2624 1267 2675 ut
1290 2615 1365 2675 inter

170 2699 335 2761 humanae
366 2697 555 2778 fragilitatis
579 2698 711 2759 incerta.
735 2695 833 2758 nullis
864 2697 1123 2759 aduersitatibus
1154 2701 1362 2781 opprimatur.

169 2805 256 2868 quae
272 2785 314 2848 de
330 2795 387 2847 tua
403 2785 610 2866 protectione
626 2782 772 2847 confidit.
788 2804 848 2865 per
862 2783 1037 2846 dominum
1054 2796 1217 2848 nostrum.

184 3009 419 3072 Buultnrcrro
445 3009 598 3073 Urnuus
623 3008 733 3091 Quas
759 3011 904 3075 Fuluus
928 3010 1139 3086 Cssnrsni
1163 3012 1351 3078 Puorssss

212 3162 393 3227 Consolare
423 3163 559 3226 domine
582 3162 666 3227 hanc
699 3163 857 3227 famulam
881 3174 974 3228 tuam
1006 3166 1180 3230 uiduitatis
1206 3168 1357 3231 laboribus

168 3250 390 3313 constrictam.
406 3250 491 3311 sicut
507 3250 670 3313 consolari
686 3252 844 3333 dignatus
863 3272 899 3314 es
915 3252 1133 3334 sarephenam
1151 3256 1289 3319 uiduam
1311 3270 1355 3338 per

167 3336 289 3399 heliam
313 3336 520 3419 prophetam.
568 3337 723 3401 Concede
754 3340 783 3400 ei
807 3339 966 3420 pudicitie
989 3340 1132 3402 fructum
1157 3353 1195 3405 ut
1219 3344 1353 3423 antiqua·

168 3443 240 3486 rum
257 3443 323 3486 non
341 3424 530 3486 meminerit
546 3423 758 3506 uoluptatum
773 3427 898 3488 nesciat
911 3429 1011 3488 etiam
1025 3428 1197 3492 incentiua
1209 3425 1352 3494 desideria

168 3520 204 3574 ut
220 3511 280 3573 soli
299 3510 359 3573 tibi
374 3511 496 3573 subdat
513 3512 645 3592 propria
661 3512 755 3574 colla
772 3533 840 3594 quo
863 3514 968 3594 possit
992 3534 1052 3594 pro
1075 3514 1247 3580 laboribus
1269 3511 1351 3578 tantis

167 3598 415 3747 sexahgesimum
447 3599 587 3679 gradum
612 3599 781 3681 percipere
804 3619 925 3663 munus
948 3600 1146 3664 delectabile
1175 3599 1349 3666 sanctitatis·

166 3704 224 3767 per
263 3705 421 3748 ominum.

728 3823 819 3886 Alia.

212 3949 267 4012 Da
282 3969 464 4031 quesumus
480 3950 692 4032 omnipotens
708 3952 798 4014 deus,
815 3961 852 4014 ut
867 3952 950 4015 haec
973 3951 1098 4016 famula
1121 3964 1180 4018 tua
1203 3975 1285 4038 quac
1303 3964 1345 4033 pr⁰

166 4057 226 4118 spe
243 4035 468 4099 retributionis
484 4038 701 4118 promissione
718 4039 861 4101 muneris
884 4059 920 4101 se
943 4040 1080 4102 domino
1104 4042 1269 4106 desiderat
1290 4053 1344 4102 con·

166 4143 303 4186 sccrare.
326 4121 425 4204 plena
449 4121 514 4185 fide
537 4124 715 4205 animoque
739 4136 940 4207 permaneat.
986 4126 1111 4191 Tribue
1136 4131 1166 4192 ei
1193 4150 1251 4212 pro
1275 4138 1342 4207 oper·

167 4211 241 4273 ihus
256 4210 406 4292 gloriam.
423 4230 483 4292 pro
498 4211 625 4291 pudore
641 4214 869 4276 reuerentiam.
891 4234 953 4296 pro
973 4215 1134 4296 pudicitia
1150 4217 1345 4279 sanctitatem

166 4307 203 4360 ut
218 4298 261 4360 ad
279 4297 434 4361 meritum
452 4298 556 4379 possit
572 4297 696 4379 gloriae
711 4301 891 4380 peruenire.
908 4321 974 4382 per.

459 4475 467 4509 ¹
486 4480 522 4532 So
534 4478 590 4531 MS.
594 4514 602 4542 ,
617 4480 725 4545 perhaps
736 4480 770 4545 by
780 4497 813 4531 un
824 4497 893 4533 error
903 4481 941 4533 lor
951 4481 1073 4551 uincitis.
