3046 5092
562 331 803 384 BENEDICTIO
824 331 950 384 PUTEI.

558 510 796 575 Buunmcmo
819 510 945 575 Pnnrs.

201 636 368 701 Benedico
383 645 418 701 te
432 646 616 701 creaturam
632 637 729 720 panis
741 642 774 701 'rn
788 638 922 701 nomine
938 636 1041 720 patris
1053 645 1086 701 et
1102 637 1159 700 filii
1175 646 1208 702 et
1223 638 1360 720 spiritus

156 725 261 787 sancti
285 745 345 807 per
357 725 516 788 uirtutem
535 724 722 788 dominicae
745 725 909 807 passionis
924 734 959 788 et
974 725 1218 788 resurrectionis
1234 745 1254 789 a
1270 745 1356 789 mor·

155 811 229 874 tuis.
245 820 283 874 ut
297 810 521 876 sanctificatus
537 812 640 875 uerbo
660 812 714 874 dei
737 811 1002 875 benedictionem
1026 831 1176 874 assumas
1199 812 1360 875 aduersus

156 917 273 960 omnes
297 898 461 980 nequitias
485 897 656 981 spiritales.
680 907 714 961 et
737 898 907 962 uniuersas
928 897 1164 961 inualitudines
1187 898 1358 962 infirmita·

155 994 274 1066 tesque
289 985 522 1048 membrorum.
533 994 569 1048 ut
578 985 779 1067 quicumque
789 994 822 1048 te
832 985 1033 1067 sumpserint
1044 986 1089 1048 sis
1104 985 1153 1048 eis
1168 985 1201 1047 in
1217 985 1358 1049 tutelam

157 1071 278 1135 mentis
307 1081 342 1136 et
370 1072 525 1155 corporis.
556 1072 589 1134 in
620 1070 745 1134 honore
775 1072 902 1136 domini
927 1072 1030 1135 nostri
1058 1072 1127 1135 iesu
1154 1071 1275 1136 christi.
1299 1073 1356 1155 qui

154 1177 231 1221 cum
248 1167 350 1241 patre.

712 1274 804 1337 Alia.

200 1384 346 1448 Benedic
375 1384 511 1449 domine
541 1393 725 1449 creaturam
764 1387 861 1449 istam
900 1385 1004 1469 panis.
1036 1385 1121 1449 sicut
1154 1385 1356 1449 benedixisti

155 1471 303 1553 quinque
319 1492 421 1554 panes
438 1471 470 1534 in
494 1472 633 1536 deserto
657 1482 694 1536 ut
719 1492 836 1535 omnes
860 1482 1033 1555 gustantes
1057 1493 1101 1535 ex
1126 1493 1167 1535 eo
1190 1472 1360 1555 accipiant

155 1568 225 1621 tam
242 1560 387 1641 corporis
402 1578 503 1641 quam
519 1560 651 1622 animae
666 1560 852 1623 sanitatem.
868 1561 1016 1641 quicum
1038 1569 1140 1641 patre.

549 1724 785 1790 Baunnrcmo
801 1725 968 1792 lucausr.

200 1853 347 1917 Domine
369 1854 451 1917 deus
474 1854 685 1937 omnipotens
712 1854 764 1917 cui
790 1855 950 1918 assistunt
973 1853 1139 1917 exercitus
1162 1853 1355 1936 angelorum

155 1959 232 2002 cum
256 1950 399 2004 tremore
428 1961 568 2023 quorum
599 1942 739 2004 seruitus
768 1939 925 2017 inuentu†
954 1950 987 2004 et
1017 1941 1129 2023 ignem
1157 1942 1363 2004 conuertitur

155 2027 295 2109 dignare
317 2028 453 2091 domine
475 2029 636 2111 respicere
662 2037 696 2091 et
719 2028 914 2092 benedicere
941 2027 1026 2090 hanc
1052 2039 1236 2091 creaturam
1262 2037 1357 2091 tuam

156 2113 291 2176 incensi.
315 2123 353 2177 ut
378 2133 495 2177 omnes
518 2114 694 2198 languores
715 2113 868 2191 insidias†
889 2114 1026 2178 odorem
1052 2115 1153 2197 ipsius
1175 2115 1356 2178 sentientes

156 2199 326 2282 effugiant
349 2209 384 2264 et
401 2210 594 2284 separentur
614 2222 634 2265 a
657 2199 804 2284 plasma†
821 2210 879 2264 tua
899 2221 983 2283 quos
1007 2202 1171 2283 praetioso
1193 2202 1359 2283 sanguine

157 2287 325 2350 redemisti
351 2286 408 2350 tilii
432 2289 489 2351 tui.
513 2297 546 2351 et
568 2307 750 2371 numquam
776 2288 951 2352 laedantur
969 2307 989 2350 a
1005 2308 1114 2351 morsu
1139 2288 1267 2369 antiqui
1291 2307 1358 2350 ser·

156 2374 275 2456 pentis.
291 2395 357 2456 per.

535 2538 770 2601 Bauanrcrro
786 2538 989 2601 Ausonum,

202 2656 296 2719 Deus
311 2656 403 2720 cuius
415 2654 549 2719 arbores
558 2666 592 2720 et
606 2655 742 2739 pomas†
753 2656 898 2721 iussione
910 2665 943 2719 et
959 2656 1168 2739 prouidentia
1183 2655 1357 2740 progenita

157 2752 314 2807 constant
336 2743 530 2807 benedicere
545 2754 579 2807 et
594 2743 800 2807 sanctificare
819 2743 965 2824 digneris
981 2763 1182 2826 praecamur.
1198 2753 1235 2806 ut
1256 2762 1357 2825 quae·

157 2826 318 2912 cumque†
332 2850 377 2893 ex
392 2830 440 2894 eis
451 2831 660 2913 sumpserint.
677 2830 858 2893 incolomes
873 2849 945 2892 esse
960 2831 1102 2894 ualeant.
1118 2850 1184 2912 per.

529 3001 765 3065 Bnuamcmo
782 3002 983 3065 Pononuu.

204 3121 350 3185 Benedic
365 3120 500 3185 domine
522 3122 610 3186 hunc
633 3121 776 3185 fructum
799 3140 923 3184 nouum
947 3141 1122 3204 pomorum
1139 3117 1191 3205 lut
1213 3120 1269 3203 [lo.
1287 3136 1364 3201 203..

160 3208 217 3291 qui
232 3218 370 3272 utuntur
384 3228 429 3271 ex
445 3229 485 3272 eo
500 3208 567 3272 sint
581 3208 785 3272 sanctificati.
802 3228 868 3291 per.

391 3386 629 3451 BENEDICTIO
643 3399 694 3448 AD
710 3399 836 3451 OMNIA
851 3398 930 3466 QUE
946 3398 1143 3449 UOLUERIS.

204 3505 350 3569 Benedic
376 3506 513 3570 domine
542 3517 726 3570 creaturam
754 3507 852 3569 istam
880 3515 916 3569 ut
940 3506 984 3569 sit
1008 3506 1191 3570 remedium
1217 3505 1360 3568 salutare

161 3592 272 3674 generi
302 3592 457 3657 humano.
484 3604 518 3656 et
547 3602 679 3675 praesta
708 3613 768 3676 per
797 3593 1041 3656 inuocationem
1073 3593 1120 3656 tui
1151 3593 1294 3655 nominis
1324 3602 1361 3655 ut

162 3680 362 3761 quicumque
376 3700 421 3743 ex
436 3700 477 3744 ea
485 3680 663 3763 sumpserit
679 3680 825 3762 corporis
837 3680 1013 3743 sanitatem
1024 3688 1057 3742 et
1072 3680 1204 3742 animae
1220 3678 1358 3742 tutelam

163 3766 330 3849 percipiat.
346 3786 414 3849 per.

573 3921 809 3985 Banamcmo
833 3921 960 3985 Purn.

205 4039 353 4103 Domine
376 4040 458 4103 deus
480 4040 694 4124 omnipotens
717 4040 774 4123 qui
803 4040 900 4104 huius
930 4040 1021 4123 putei
1051 4039 1271 4103 altitudinem.
1301 4059 1368 4122 peru

164 4126 365 4209 crepidinem
381 4125 566 4191 fistularum
582 4147 742 4209 aquarum
758 4128 856 4210 copia
871 4147 1007 4190 manare
1030 4127 1143 4190 iusisti.
1167 4135 1301 4209 praesta
1322 4135 1361 4190 ut

162 4222 195 4276 te
225 4213 360 4277 iubente
388 4223 489 4296 atque
518 4214 737 4278 benedicente
766 4234 826 4296 per
854 4222 987 4277 nostrae
1011 4212 1155 4277 officium
1183 4213 1367 4277 functionis¹

163 4300 301 4382 repulsis
328 4299 405 4364 hinc
431 4300 705 4383 phantasmaticis
729 4300 965 4365 calliditatibus
991 4308 1091 4382 atque
1115 4297 1269 4375 insidias†
1290 4299 1361 4363 dia-

162 4383 277 4537 poliqis
302 4384 493 4469 purificatus
515 4395 618 4469 atque
642 4386 839 4451 emendatus
863 4387 917 4451 hic
941 4396 1061 4470 puteus
1083 4394 1279 4470 perseueret.
1302 4405 1368 4473 per

183 4492 345 4539 ommum.
