3046 5092
153 302 202 355 1²4
404 296 496 347 DOM.
518 292 586 347 1111.
605 292 705 347 1’087·
717 292 796 347 OCT.
814 286 1100 347 primaevam.

661 453 845 536 Praesatrb.

200 564 251 630 iffi)
273 575 407 631 aeterne
421 566 512 632 deus.
560 566 622 631 Illa
641 567 767 651 quippe
789 566 875 631 festa
894 566 1065 631 remeant¹
1078 562 1201 649 quibus
1222 570 1356 629 nostrae

158 652 351 717 mortalitati
367 664 561 737 procuratur
576 654 753 717 inmortale
766 655 1003 717 commercium
1018 672 1060 717 ac
1074 650 1253 736 temporali
1266 650 1356 715 uitae

158 738 357 823 subrogatur
378 741 567 804 aeternitas.
590 750 624 804 et
649 741 694 805 de
720 742 848 825 peccati
866 756 976 824 poena
990 748 1128 825 peccata
1143 738 1355 803 mundantur.

158 824 318 908 Mirisque
347 828 456 891 modis
493 824 666 891 conficitur
682 824 741 891 'de
773 827 962 911 perditione
990 826 1141 891 saluatio.
1172 834 1212 889 ut
1247 832 1356 889 status

155 900 360 977 condicionis
388 914 534 991 humane
569 914 626 996 qui
665 934 724 998 per
760 912 927 978 felicitatis
956 909 1150 985 insolentia†
1181 912 1277 977 uenit
1312 910 1356 973 ad

157 1000 334 1064 tristitiam.
363 999 498 1064 humilis
527 1011 562 1064 et
592 1001 772 1065 modestus.
802 1000 846 1066 ad
876 1010 1012 1067 aeterna
1036 998 1177 1087 [gaudia
1201 998 1260 1083 [lo
1283 997 1357 1079 89v.

158 1087 273 1151 redeat
287 1108 347 1171 per
361 1107 534 1151 merorem.
550 1106 609 1171 per
623 1088 793 1153 christum.

604 1222 668 1288 Ad
683 1222 909 1309 complendum.

204 1334 300 1401 Haec
324 1357 384 1401 nos
409 1338 600 1401 communio
626 1337 762 1401 domine
787 1348 908 1421 purget
932 1358 954 1401 a
978 1336 1125 1402 crimine.
1148 1341 1183 1401 et
1206 1332 1358 1399 caelestis

158 1424 295 1488 remedii
311 1423 410 1489 saciat
426 1445 498 1489 esse
514 1436 692 1490 consortes.
709 1446 768 1509 per
782 1426 966 1489 dominum.

617 1560 727 1645 Super
737 1562 902 1645 populum

202 1672 312 1737 Plebis
335 1682 414 1738 tuae
436 1692 617 1757 quesumus
640 1674 777 1739 domine
802 1674 845 1738 ad
869 1684 904 1739 te
927 1693 1060 1757 semper
1078 1673 1181 1737 corda
1194 1678 1358 1735 conuerte.

159 1769 193 1823 et
208 1780 309 1841 quam
325 1761 428 1824 tantis
444 1762 524 1823 lacis
547 1760 738 1843 patrociniis
761 1761 919 1825 adiuuari.
931 1760 1101 1845 perpetuis
1127 1778 1195 1823 non
1220 1753 1358 1828 desinisi

159 1846 344 1930 gubernare
359 1848 539 1931 praesidiis.
556 1868 616 1931 per
629 1848 812 1912 dominum.

300 2055 500 2121 Donnncn
524 2055 608 2121 1111.
632 2068 724 2123 sose
747 2054 922 2122 Ocmuas
944 2056 1230 2121 Pnurncosaau.

203 2182 376 2249 Protector
401 2185 433 2247 in
458 2193 493 2247 te
520 2188 724 2269 sperantium
745 2187 836 2251 deus.
852 2186 924 2250 sine
946 2204 1015 2269 quo
1037 2182 1120 2249 nihil
1135 2192 1188 2248 est
1201 2180 1356 2247 ualidum.

160 2269 241 2334 nihil
265 2281 427 2335 sanctum.
443 2270 628 2355 multiplica
651 2292 751 2355 super
776 2292 838 2336 nos
863 2272 1123 2359 misericordiam
1147 2280 1252 2334 tuam.
1267 2278 1306 2335 ut
1323 2278 1356 2333 te

161 2366 287 2422 rectore
317 2368 351 2421 te
380 2358 465 2421 duce
495 2359 542 2422 sic
571 2367 780 2423 transeamus
809 2380 869 2444 per
891 2359 979 2424 bona
1002 2357 1201 2443 temporalia
1224 2366 1263 2422 ut
1290 2372 1355 2419 non

161 2444 356 2509 amittamus
371 2455 513 2507 aeterna.
530 2465 589 2528 per
603 2447 791 2511 dominum.

697 2584 835 2647 Secreta.

204 2685 348 2768 Respice
378 2687 513 2749 domine
541 2706 678 2750 munera
709 2687 928 2770 supplicantis
966 2687 1153 2749 aecclesiae.
1189 2693 1223 2747 et
1260 2684 1354 2747 saluti

160 2774 374 2836 credentium.
411 2785 572 2857 perpetua
610 2775 873 2839 sanctificatione
910 2777 1073 2837 sumenda
1110 2770 1265 2835 concede.
1302 2790 1356 2854 per

159 2861 341 2924 dominum.

680 2978 862 3060 Praefatio.

204 3081 254 3144 (θ
278 3089 411 3141 aeterne
426 3079 516 3142 deus.
542 3089 575 3142 et
602 3082 882 3164 omnipotentiam
907 3091 999 3143 tuam
1029 3080 1147 3161 iugiter
1173 3077 1356 3160 implorare.

162 3176 199 3229 ut
224 3166 321 3229 nobis
342 3176 375 3227 et
403 3169 585 3248 praesentis
613 3169 702 3230 uitae
718 3168 902 3231 subsidium
919 3177 952 3230 et
976 3178 1109 3243 aeterne
1125 3165 1251 3228 tribuas
1267 3185 1356 3248 prae·

161 3255 264 3316 mium
288 3254 535 3334 sempiternum.
576 3253 653 3336 Quo
678 3256 725 3317 sic
750 3255 922 3317 mutabilia
948 3254 1035 3315 bona
1059 3253 1232 3334 capiamus
1248 3261 1286 3314 ut
1302 3271 1356 3334 per

161 3341 243 3403 haec
259 3340 301 3403 ad
319 3340 604 3403 incommutabilia
620 3343 708 3404 dona
725 3343 896 3424 peruenire
912 3339 1091 3403 ualeamus.
1107 3340 1154 3401 sic
1166 3337 1357 3421 temporalis

162 3427 307 3491 laetitiae
323 3437 474 3508 tempora
491 3438 669 3492 transcant.
686 3439 723 3491 ut
746 3429 792 3490 eis
815 3430 938 3509 gaudia
953 3428 1155 3510 sempiterna
1170 3426 1356 3491 succedant

162 3536 220 3597 per
235 3515 405 3578 christum.

611 3633 674 3697 Ad
684 3636 911 3718 coroqllendum.

207 3739 331 3804 Sancta
357 3749 415 3803 tua
443 3759 503 3800 nos
531 3740 667 3802 domine
691 3751 827 3824 sumpta
853 3737 1032 3803 uiuificent.
1056 3746 1090 3800 et
1116 3736 1358 3801 misericordiae

164 3829 386 3909 sempiternae
402 3838 599 3909 praeparent
616 3828 780 3910 expiatos.
798 3849 857 3911 per
872 3827 1045 3889 dominum
1062 3833 1223 3887 nostrum.

629 3960 737 4042 Super
743 3960 906 4042 populum.

207 4065 389 4147 Propitiare
412 4065 538 4146 populo
550 4073 609 4127 tuo
625 4066 715 4127 deus.
734 4074 769 4126 ut
785 4083 805 4125 a
821 4064 888 4126 suis
912 4060 1133 4144 prauitatibus
1155 4059 1314 4124 liberatus
1327 4066 1358 4120 et

163 4163 236 4215 toto
252 4153 311 4215 tibi
338 4151 438 4214 corde
464 4153 638 4214 deseruiat.
654 4162 688 4214 et
715 4150 778 4213 sub
805 4160 863 4214 tua
889 4149 1096 4232 protectione
1119 4148 1289 4212 consistat
1305 4166 1359 4230 per

163 4240 335 4304 dominum
353 4249 510 4302 nostrum.

197 4368 204 4401 ¹
222 4371 277 4420 The
301 4370 400 4420 Leolric
419 4370 507 4419 Missal
528 4386 614 4435 agrees
634 4371 694 4420 with
707 4370 756 4420 this
774 4370 885 4435 reading.
921 4368 978 4418 The
995 4366 1111 4417 Rbeinau
1129 4365 1319 4430 Summarum
1335 4363 1361 4413 ol

165 4436 262 4494 Ziiricb‚
275 4437 325 4485 and
343 4436 386 4485 the
397 4436 501 4499 original
521 4436 618 4486 textos
635 4436 678 4485 tho
689 4437 715 4486 S.
738 4436 798 4485 Gall
819 4437 875 4487 MS.
899 4434 956 4499 348,
977 4434 1041 4484 have
1060 4439 1224 4482 nonaum:
1244 4428 1359 4483 Muratori

163 4503 227 4552 from
242 4502 323 4551 Codex
337 4502 517 4550 ottobonianus
528 4503 573 4550 has
587 4501 712 4562 Quoniam
725 4501 773 4551 illa
780 4501 849 4567 festa
861 4506 1001 4552 remorum.
