3046 5092
351 335 421 386 IIII.
452 334 540 384 NON.
568 335 653 384 FEB.
685 335 932 386 PURIFICATIO
956 336 982 385 S.
1014 335 1172 385 MARIAE.
1310 348 1356 402 159

153 482 319 548 exaudias
335 481 379 545 de
398 478 491 544 caelo
507 489 706 543 sancto-tuo
729 480 820 543 etde
844 479 923 543 sede
946 480 1129 543 maiestatis
1144 490 1230 545 tuae.
1277 483 1354 545 Pro-

155 570 257 654 pitius
273 577 347 632 esto
362 569 444 633 deus
459 567 613 630 omnibus
629 566 851 629 clamantibus
867 567 909 629 ad
926 575 960 628 te
975 586 1059 648 quos
1077 567 1244 631 redemisti
1261 590 1354 652 prae-

155 659 243 721 tioso
259 655 430 736 sanguinis
446 652 511 728 tui†
525 654 581 735 qui
598 672 673 715 cum
690 649 798 737 d[e01]
813 662 907 734 patre
930 663 964 715 et
988 654 1104 735 spiritu
1132 665 1247 718 sancto
1270 655 1354 719 uiuis

154 753 191 808 et
200 743 352 826 gloriaris
367 743 450 805 deus
466 761 525 822 per
538 741 652 802 omnia
667 738 806 802 saecula.

200 829 317 894 Finita
341 826 555 890 benedictione
577 835 835 907 consparguntur
857 826 923 907 ipse
943 826 1072 889 candele
1093 848 1180 908 aqua
1195 827 1354 891 benedicta

154 927 188 980 et
199 915 420 998 purificentur
441 923 473 977 et
494 914 541 975 sic
565 912 606 975 ab
630 913 737 975 edituo
759 913 886 994 singuli
904 912 1059 994 singulas.
1075 915 1235 995 accipiunt
1255 928 1354 997 accep·
1437 930 1442 941 ·

155 1014 271 1085 tasque
285 1000 616 1082 accedantpsallentes
630 999 846 1080 untr'plionam.

246 1090 327 1152 Ant.
353 1088 429 1151 Aue
455 1088 562 1168 gratia
586 1086 686 1168 plena
701 1087 754 1148 dei
776 1087 921 1168 genitrix
938 1087 1032 1167 uirgo
1049 1107 1093 1149 ex
1109 1097 1143 1150 te
1159 1090 1248 1150 enim
1265 1100 1356 1152 ortus

157 1188 210 1241 est
225 1176 275 1238 sol
303 1175 449 1238 iustitiae
476 1173 675 1236 inluminans
691 1193 777 1254 quae
800 1174 833 1235 in
861 1174 1005 1235 tenebris
1029 1183 1115 1235 sunt.
1164 1174 1305 1239 Laetare
1321 1188 1356 1239 tu

156 1264 269 1327 senior
283 1263 369 1325 iuste
385 1261 566 1342 suscipiens
582 1261 614 1321 in
631 1259 726 1322 ulnas
743 1259 952 1322 liberatorem
969 1261 1153 1322 animarum
1171 1273 1357 1326 nostrarum

160 1351 342 1414 donantem
360 1347 455 1410 nobis
471 1357 505 1409 et
523 1346 801 1409 resurrectionem.

204 1435 396 1518 Quesumus
420 1434 632 1515 omnipotens
659 1433 741 1495 deus
763 1443 820 1494 tua
843 1452 904 1494 nos
927 1432 1133 1514 protectione
1160 1437 1298 1500 custodi.
1325 1450 1358 1501 et

159 1523 394 1586 castimoniam
430 1520 597 1583 mentibus
630 1521 750 1582 nostris
780 1530 880 1600 atque
910 1520 1102 1601 corporibus
1134 1521 1359 1587 intercedente

162 1610 261 1674 beata
287 1609 391 1670 maria
416 1607 615 1689 propitiatus
639 1605 783 1687 indulge.
808 1615 845 1669 ut
871 1607 1025 1668 ueniente
1051 1626 1182 1688 sponso
1207 1607 1274 1671 filio
1302 1622 1359 1675 tuo

160 1696 335 1778 unigenito
350 1695 496 1756 accensis
512 1693 722 1775 lampadibus
746 1694 866 1755 nostris
882 1693 1020 1774 dignum
1049 1704 1233 1775 prestemus
1249 1717 1360 1760 occur-

160 1803 246 1847 sum.
262 1802 322 1865 per
336 1782 489 1844 eundem.

432 1916 514 1980 Inde
528 1917 722 1999 egredientes
735 1926 857 1979 canant
871 1915 1092 1997 antptleonanr.

203 2048 286 2110 Ant.
333 2046 474 2109 Adoma
498 2044 682 2108 thalamum
709 2055 804 2108 tuum
831 2044 903 2107 sion
925 2055 958 2107 et
983 2044 1112 2125 suscipe
1136 2065 1246 2126 regem
1263 2047 1365 2110 chris-

160 2145 233 2199 tum
264 2133 468 2214 amplectere
499 2133 637 2195 mariam
668 2152 754 2214 quae
787 2141 838 2194 est
869 2130 1020 2193 caelestis
1052 2141 1146 2213 porta
1177 2133 1250 2214 ipsa
1272 2137 1360 2199 enim

163 2231 275 2305 portat
299 2238 412 2301 regem
439 2219 564 2300 gloriae
591 2239 679 2281 nouo
704 2218 829 2280 lumine
856 2217 1006 2280 subsistit
1029 2220 1124 2299 uirgo
1139 2220 1311 2282 adducens
1328 2224 1359 2286 in

165 2308 318 2372 manibus
335 2306 438 2368 lilium
455 2321 533 2368 ante
557 2305 727 2367 luciferum
744 2325 843 2386 quem
869 2304 1035 2386 accipiens
1054 2324 1192 2384 symeon
1213 2307 1246 2368 in
1266 2307 1361 2371 ulnas

163 2415 240 2458 suas
255 2393 461 2476 praedicauit
483 2392 614 2474 populis
629 2392 803 2454 dominum
827 2411 902 2452 eum
930 2411 1001 2453 esse
1028 2392 1117 2453 uitae
1142 2401 1175 2454 et
1200 2394 1315 2456 mortis
1331 2406 1364 2458 et

164 2481 366 2545 saluatorem
387 2480 510 2542 mundi.

609 2597 769 2679 Sequitur
781 2594 934 2679 [oratio.²]

209 2703 357 2766 Domine
389 2702 457 2765 iesu
482 2701 602 2765 christe
628 2703 684 2784 qui
715 2702 875 2764 hodierna
905 2701 958 2762 die
984 2701 1015 2762 in
1043 2713 1156 2764 nostra
1180 2705 1367 2771 substantia

167 2790 250 2853 inter
272 2789 424 2852 homines
448 2809 655 2871 apparensa
679 2787 871 2870 parentibus
893 2788 925 2849 in
946 2788 1071 2870 templo
1098 2809 1133 2851 es
1158 2804 1365 2871 presentatus

164 2896 262 2959 quem
279 2895 420 2958 symeon
436 2875 633 2938 uenerabilis
649 2895 754 2937 senex
771 2874 897 2936 lumine
914 2875 1068 2956 spiritus³.
1114 2925 1120 2938 .
1167 2926 1172 2937 .
1219 2928 1225 2939 .

631 3042 707 3126 [AD
733 3043 888 3106 Mrssntr.
1223 3046 1368 3132 [to.114

210 3162 436 3244 Omnipotens
474 3164 674 3245 sempiterne
700 3164 782 3226 deus
815 3163 1022 3226 maiestatem
1054 3174 1146 3227 tuam
1177 3170 1369 3251 suppliciter

168 3269 347 3312 exoramus
363 3260 399 3312 ut
415 3250 500 3312 sicut
516 3251 706 3331 unigenitus
723 3249 808 3312 filius
825 3261 901 3312 tuus
918 3248 1077 3312 hodierna
1094 3253 1147 3314 die
1163 3274 1237 3316 cum
1255 3270 1368 3321 nostra

169 3338 274 3399 carnis
289 3336 477 3398 substantia
494 3337 526 3398 in
543 3337 670 3418 templo
693 3348 744 3399 est
767 3346 975 3417 presentatus
992 3339 1037 3400 ita
1055 3358 1114 3400 nos
1138 3339 1239 3403 iacias
1256 3345 1367 3424 purifi·

168 3425 251 3487 catis
267 3422 328 3485 tibi
346 3423 512 3485 mentibus
530 3424 711 3504 presentari
729 3442 786 3504 per
801 3423 953 3485 eundem.

694 3559 844 3637 lSecretu.
1203 3564 1259 3646 [f0.
1281 3585 1370 3646 114v.

213 3664 350 3727 Exaudi
367 3665 502 3727 domine
518 3684 652 3745 praeces
668 3674 797 3726 nostras
819 3672 853 3725 et
876 3672 912 3725 ut
928 3664 1030 3745 digna
1051 3667 1116 3728 sint
1133 3686 1269 3730 munera
1284 3691 1369 3751 quae

170 3750 274 3812 oculis
301 3759 380 3812 tuae
406 3752 588 3814 maiestatis
615 3749 791 3813 offerimus.
810 3749 996 3812 subsidium
1024 3752 1120 3814 nobis
1145 3766 1221 3815 tuae
1237 3757 1369 3836 pietatis

170 3835 336 3919 impende.
350 3857 417 3918 per.

203 3975 211 4008 ¹
228 3980 299 4044 Only
310 3979 353 4029 the
365 3980 417 4030 first
429 3983 501 4032 letter
513 3983 541 4031 ol
555 3982 605 4032 this
616 3982 685 4031 word
696 3998 802 4046 appears
813 3981 840 4030 in
852 3981 894 4030 the
907 3982 963 4032 MS.
1001 3982 1056 4030 The
1068 3983 1113 4031 last
1126 3991 1176 4031 two
1188 3984 1252 4033 have
1281 3987 1371 4053 erhaps

171 4043 237 4159 pecu
247 4045 344 4105 erased,
359 4046 401 4096 tbe
413 4047 465 4096 first
476 4047 553 4112 being
563 4048 607 4097 left
618 4048 745 4111 standing,
759 4046 877 4096 followed
889 4047 923 4110 by
933 4063 948 4095 a
960 4047 1032 4096 small
1049 4063 1122 4111 space
1134 4058 1159 4096 at
1172 4049 1214 4098 the
1226 4001 1280 4099 end
1287 4053 1315 4101 ol
1329 4055 1372 4104 the

181 4125 230 4161 tue.

203 4174 214 4207 ²
229 4174 288 4224 The
298 4175 373 4225 latter
417 4184 439 4225 rt
451 4176 480 4226 ol
487 4177 537 4226 this
548 4177 657 4241 heading
668 4177 689 4225 is
699 4177 789 4225 almost
802 4175 924 4226 invisible.

201 4237 374 4289 ’Thereha
395 4241 438 4290 eal
451 4242 561 4307 wanting
572 4243 598 4291 in
610 4242 652 4291 the
665 4241 721 4292 MS.
741 4242 854 4290 between
874 4241 906 4290 so.
932 4254 977 4304 113
997 4242 1046 4291 and
1064 4241 1096 4291 so.
1121 4255 1173 4303 114.
1210 4244 1266 4294 The
1284 4249 1372 4299 collect

165 4304 254 4355 which
265 4304 288 4354 is
299 4319 357 4353 now
369 4306 413 4356 left
425 4306 575 4372 incomplete
587 4308 608 4357 is
619 4307 696 4357 found
711 4307 737 4356 in
754 4307 797 4355 the
810 4306 908 4356 Leosric
927 4307 1021 4365 Missal,
1036 4307 1117 4357 where
1129 4309 1171 4358 the
1189 4311 1261 4359 latter
1275 4324 1330 4376 part
1347 4319 1372 4364 ol

167 4371 188 4420 it
201 4385 263 4420 runs
274 4384 303 4418 as
314 4368 430 4421 follows:
450 4374 468 4398 “
479 4373 572 4422 lumine
582 4372 683 4437 spiritus
694 4371 773 4420 sancti
790 4371 925 4421 inradiatus
943 4372 1053 4435 agnouit,
1067 4373 1183 4437 suscepit,
1197 4384 1222 4424 et
1235 4377 1370 4440 benedixit,

161 4444 253 4502 preste
264 4435 397 4499 propitius.
410 4445 437 4485 ut
449 4436 560 4487 eiusdem
572 4437 672 4502 spiritus
683 4436 762 4486 sancti
773 4436 852 4500 gratia
864 4436 1004 4486 inluminati
1015 4446 1091 4501 atque
1108 4439 1191 4489 edocti
1209 4448 1234 4490 te
1253 4444 1373 4494 ueraciter

158 4514 337 4568 quesumus
348 4510 373 4550 et
386 4499 492 4551 fideliter
504 4502 644 4568 diligamus.
661 4501 734 4551 Per.''
