3046 5092
427 348 556 401 INDEX
578 350 627 401 off
644 350 874 403 LITURGICAL
895 353 1027 407 FORMS.
1288 368 1338 421 337

91 496 145 549 Ure
155 497 214 564 igne
223 499 304 551 nocti
314 491 430 566 Spiritus,
443 500 500 566 258

92 578 130 631 ttt

155 654 258 759 {pcepta
269 645 318 696 sint
329 646 387 698 dne.
398 655 491 724 nostra,
507 660 561 699 121.

156 726 521 891 noisisniisnigniviiufflriiicia,
548 789 603 841 190,
627 778 685 839 206,

188 852 220 889 22
238 853 289 904 ,23

115 959 123 976 .
156 851 269 955 nostine.
281 907 369 957 tribuis
380 909 501 967 sollenne,
517 920 570 971 134.

156 978 273 1035 percepta
285 987 330 1021 nos
341 974 397 1023 due.
413 982 456 1023 tua
466 985 561 1032 sancta,
573 986 629 1024 211.

157 1035 232 1085 sacris
242 1036 299 1086 dne.
311 1039 452 1097 reddamur,
462 1038 502 1099 69,
517 1050 570 1102 137.

92 1259 242 1312 Veneranda
253 1264 325 1314 nobis
336 1265 393 1314 dne.
407 1266 488 1325 huius,
502 1278 558 1317 200.

91 1480 144 1546 (θ
155 1482 196 1532 Ad
208 1483 277 1534 cuius
287 1483 444 1545 immensam,
458 1495 498 1550 59.

157 1565 232 1630 Apud
243 1581 317 1630 quem

189 1646 246 1680 cum
258 1632 395 1689 beatorum,
412 1631 465 1695 185.

190 1712 286 1760 semper
297 1706 334 1746 est
346 1699 479 1761 praeclara,
492 1695 545 1758 178.

189 1776 286 1825 semper
297 1770 334 1811 est
346 1777 470 1825 praesens,
483 1762 507 1812 6.

157 1841 297 1891 Audientes
308 1842 386 1892 divini
392 1843 521 1903 sermonis,
532 1854 588 1908 259.

159 1922 251 1972 Beatae

191 1987 296 2051 Agnetis
307 1988 428 2047 natalitia,
441 1999 494 2052 157.

192 2053 336 2101 Genovefae
351 2054 472 2113 natalitia,
488 2066 540 2116 149.

192 2117 309 2166 Praxedis
320 2118 440 2177 natalitia,
457 2131 509 2181 190.

191 2181 233 2231 Ill.
253 2183 375 2242 natalitia,
388 2183 444 2246 238.

160 2262 231 2313 Beati

190 2328 297 2393 apostoli
314 2329 350 2378 tui
361 2338 386 2379 et
397 2331 571 2395 evangelistae,
588 2342 640 2393 147.

193 2394 255 2442 lusti
266 2395 393 2458 martyrio,
404 2408 460 2457 219.

192 2457 319 2508 Laurentii
332 2460 453 2520 natalitia,
467 2473 522 2511 212.

192 2522 314 2599 Stephani
326 2525 424 2585 levitae,
450 2537 503 2587 147.

192 2588 244 2637 vin
257 2590 385 2653 martyrio,
401 2589 454 2640 180.

160 2665 321 2715 Celebrantes
332 2677 472 2716 sauctorum
484 2668 604 2727 natalitia,
616 2681 671 2732 223.

160 2742 326 2792 Clementiam
338 2753 405 2793 tuam
417 2745 501 2809 pronis
517 2747 642 2796 mentibus

89 2858 93 2869 ¹
192 2807 349 2858 oluecramus
359 2819 386 2858 ut
397 2811 511 2870 famulos,
524 2822 580 2875 250.

192 2872 348 2921 obsecramus
359 2884 385 2923 ut
397 2890 451 2934 nos,
465 2886 520 2939 315.

193 2936 351 2987 obsecrantes
362 2947 388 2988 ut
396 2940 510 3000 famulos,
524 2940 580 3004 263

193 3001 351 3052 obsecrantes
362 3012 388 3053 ut
399 3020 465 3065 cum,
476 3017 532 3056 222.

159 3076 209 3128 Cui

193 3156 244 3191 non
256 3152 369 3206 pereunt,
383 3157 438 3208 299

192 3208 320 3271 proprium
331 3219 368 3258 est
379 3225 408 3260 11
425 3211 558 3275 singulare,
574 3223 627 3275 139.

160 3281 239 3333 Cuius

193 3348 291 3398 bonitas
302 3350 429 3400 hominem
440 3353 561 3413 condidit,
575 3354 614 3415 78.

193 3414 324 3463 clementia
336 3416 475 3477 ecclesiam,
491 3430 543 3479 179.

193 3480 339 3529 clementiae
349 3481 424 3530 etiam
438 3483 544 3547 regibus,
557 3493 613 3546 225.

193 3543 292 3593 divinae
304 3545 447 3605 nativitatis,
462 3560 499 3606 50.

192 3608 271 3668 gratia
282 3609 306 3657 b.
322 3612 491 3672 Saturninum,
504 3612 560 3663 228.

194 3671 241 3722 hoc
253 3673 393 3733 mirificum,
409 3689 461 3740 123.

194 3736 269 3787 hodie
281 3740 481 3801 circumcisionis,
496 3753 535 3806 52.

193 3801 268 3851 hodie
282 3803 378 3864 faciem,
391 3806 431 3867 48.

194 3866 339 3941 immensam
351 3871 553 3932 misericordiam,
567 3872 623 3924 260.

193 3934 371 3994 incarnatione,
387 3949 439 3998 140.

193 3995 323 4047 ineffabilis
339 4000 426 4064 pietas,
442 4012 495 4066 151.

193 4076 295 4112 munere
306 4064 330 4113 b.
343 4066 474 4126 Martinus,
489 4079 545 4127 224.

194 4141 295 4176 munere
308 4128 331 4178 b.
347 4130 479 4189 Vedastus,
496 4132 549 4181 161.

194 4206 240 4239 nos
252 4192 313 4242 fries
324 4195 424 4254 excitat,
437 4195 477 4257 84

194 4271 240 4305 nos
251 4256 399 4317 humanitus,
413 4260 452 4325 85.

194 4335 240 4369 101
248 4322 415 4374 misericordia
427 4325 563 4390 praevenit,
576 4325 616 4390 83.

194 4386 276 4448 operis
287 4397 324 4437 est
335 4390 403 4453 quod
420 4391 523 4450 conditi,
539 4391 592 4455 138.

194 4450 301 4513 primum
312 4461 370 4503 tuae
380 4454 487 4519 pietatis,
501 4454 554 4508 128.

195 4515 334 4567 salutiferae
345 4522 477 4583 passionis,
490 4520 530 4572 86.

138 4584 333 4657 1111118088.

736 503 787 569 (Β
804 503 929 571 Diemque
939 504 1079 556 natalitium
1090 506 1116 557 b.
1129 506 1264 572 pontificis,
1277 519 1332 571 177.

800 587 835 637 Et
845 587 934 637 beatae
950 587 1064 652 martyris
1075 596 1132 639 tuae
1142 588 1197 650 111,
1208 600 1266 653 237.

801 670 834 719 81
845 668 1003 718 clementiam
1015 677 1083 718 tuam

832 733 978 792 cumomni,
992 744 1031 795 72.

832 798 917 863 pronis
928 799 1060 858 mentibus,
1072 812 1128 849 200.

832 863 976 928 suppliciter
984 880 1085 914 exorare
1095 874 1123 915 ut
1134 880 1200 925 cunt,
1213 875 1271 930 215.

803 945 835 994 81
847 944 945 994 devotis
955 945 1087 1004 mentibus,
1099 946 1153 1007 198.

803 1027 836 1076 Et
847 1026 914 1075 diem
925 1026 949 1075 11
963 1027 1059 1091 Agnae,
1076 1037 1129 1091 154

802 1109 836 1157 Et
846 1108 952 1172 gloriam
963 1116 1032 1157 tuam

833 1174 892 1222 dne.
903 1172 1025 1236 profusis.
1047 1209 1053 1222 .
1073 1209 1080 1222 .
1099 1209 1106 1223 .
1127 1182 1152 1224 ut
1168 1173 1256 1234 sancti,
1267 1184 1325 1238 235.

834 1237 962 1303 profusis.
982 1273 988 1286 .
1009 1273 1016 1288 .
1036 1246 1062 1288 ut
1073 1239 1126 1302 qui,
1142 1239 1194 1301 189.

802 1320 835 1369 Et
846 1319 947 1384 gloriosi
964 1318 1148 1383 Symphoriani,
1162 1333 1217 1382 204.

803 1401 835 1449 81
846 1400 993 1449 immensam
1002 1400 1130 1461 bonitatis,
1146 1414 1199 1463 109.

803 1482 836 1532 Et
847 1482 873 1531 in
884 1482 925 1530 die

833 1545 983 1605 festivitatis,
1000 1544 1052 1609 183.

833 1612 1007 1671 sollennitatis,
1022 1610 1075 1673 198.

802 1693 836 1743 Et
847 1693 873 1742 in
884 1693 932 1742 hac

833 1759 875 1807 die
886 1773 961 1822 quam
973 1758 1084 1818 transitu,
1098 1758 1154 1822 236.

833 1823 965 1938 ςΙέιὲἓςίιιε
986 1823 1028 1872 die
1049 1839 1124 1887 quam
1148 1826 1173 1875 b.
1185 1824 1334 1886 Clementis,

806 1970 838 2019 81
850 1968 876 2018 11
887 1969 934 2018 hac
946 1968 1078 2034 praecipue
1088 1969 1130 2019 die

836 2050 886 2098 qua
898 2034 967 2083 lesus
979 2034 1100 2093 Christus,
1117 2048 1170 2096 114

836 2114 911 2164 qutun
923 2099 1035 2158 transitu,
1052 2110 1104 2163 150.

805 2181 839 2230 81
850 2179 877 2229 in
885 2180 932 2229 hac
942 2180 1110 2236 sollennitate,
1125 2192 1178 2242 170.

806 2263 839 2311 81
851 2262 876 2310 11
889 2261 1013 2325 praesenti
1025 2261 1159 2312 festivitate

836 2336 936 2377 sanctae
947 2328 1060 2389 martyris
1072 2337 1129 2377 tuae
1141 2328 1257 2388 Sabinae,
1270 2340 1326 2390 207.

835 2391 914 2440 sancti
926 2391 1048 2454 martyris,
1061 2403 1116 2454 234

835 2456 915 2506 sancti
926 2456 1079 2516 Nicomedis,
1095 2468 1148 2519 177.

804 2539 838 2587 81
849 2537 875 2587 11
886 2537 1001 2602 pretiosis
1010 2538 1138 2598 mortibus,
1152 2537 1206 2602 148.

805 2621 838 2669 Et
850 2619 1005 2668 maiestatem
1017 2626 1084 2668 tuam

837 2700 936 2741 cernua,
949 2684 989 2732 60.

837 2748 1110 2812 humiliterimplorare,
1127 2760 1180 2813 135.

838 2813 975 2872 indefessis,
991 2826 1043 2862 111.

838 2878 944 2944 supplici
954 2878 1096 2936 devotione,
1113 2878 1167 2938 188,
1180 2891 1235 2943 237.

807 2960 840 3010 81
863 2959 1016 3009 maiestatem
1039 2967 1107 3008 tuam
1129 2961 1274 3026 suppliciter
1295 2981 1337 3014 ex·

870 3040 940 3073 orare

840 3098 866 3138 ut
878 3088 1016 3148 ecclesiam,
1033 3087 1087 3152 156,
1103 3088 1156 3141 186.

839 3163 865 3203 ut
876 3154 1009 3212 mentibus,
1019 3154 1060 3203 68.

838 3227 865 3269 ut
877 3234 927 3268 101
939 3234 992 3277 nos,
1010 3231 1064 3269 112.

839 3293 865 3334 ut
876 3284 919 3348 qui
930 3284 954 3332 b.
967 3284 1092 3344 Andreae,
1106 3284 1162 3335 228.

837 3359 865 3398 ut
877 3348 985 3413 Spiritus
997 3349 1150 3413 Paraclytus,
1166 3363 1220 3403 120.

808 3432 996 3546 ΕῘ1111111111
1005 3501 1073 3543 tuam
1080 3495 1225 3559 suppliciter
1235 3515 1339 3550 exorare

870 3568 897 3609 ut
909 3559 982 3617 filius,
998 3570 1051 3621 137.

839 3634 864 3675 11
875 3624 965 3687 iugiter
976 3623 1127 3685 collaudare,
1141 3636 1194 3686 171.

808 3706 840 3755 81
858 3704 1065 3769 omnipotentiam
1090 3715 1157 3755 tuam
1180 3708 1268 3772 iugiter
1290 3710 1335 3760 im·

838 3770 1157 3895 utiioiiiiinemoratione,
1172 3849 1227 3899 244.

839 3910 865 3948 ut
877 3898 958 3957 nobis,
974 3911 1027 3959 124.

807 3981 841 4031 Et
853 3980 971 4045 pietatem
983 3989 1051 4028 tuam

839 4044 976 4102 indefessis,
992 4054 1044 4107 105.

839 4109 944 4174 supplici
957 4109 1091 4159 devotione
1107 4111 1250 4176 deposcere,
1263 4114 1303 4166 68.

838 4174 944 4240 supplici
956 4174 1089 4224 devotione
1100 4191 1242 4241 exposcere,
1255 4180 1311 4231 262.

808 4258 841 4307 Et
853 4256 984 4320 praecipue

841 4322 868 4370 in
879 4321 920 4370 die
936 4319 1078 4370 festivitatis
1093 4357 1100 4370 .
1120 4356 1127 4370 .
1147 4358 1155 4372 .
1174 4338 1224 4389 qua
1242 4324 1267 4375 b.
1282 4326 1339 4379 six.

840 4384 992 4516 priuiieiiis
1008 4449 1105 4510 beatae,
1118 4462 1177 4515 209.

840 4530 886 4582 pro
896 4514 990 4566 meritis
1000 4514 1094 4575 dilecti,
1106 4526 1159 4581 195.

1192 4598 1212 4647 Z
