3046 5092
152 306 204 357 η
414 292 491 345 vm.
520 270 617 345 na
633 292 739 345 sarr.
764 290 856 347 m.
880 292 911 345 s
934 290 1126 347 annom.

198 588 251 653 ff>
265 598 401 653 aeterne
410 588 504 653 deus
548 586 596 653 Et
608 588 745 671 gloriosi
766 586 998 673 symphoriani
1013 588 1173 673 mannis
1188 588 1246 673 pia
1260 598 1364 655 oerta·

156 674 249 739 mina
264 673 459 739 uenerando
483 673 679 739 caelebrare
693 674 788 739 cuius
810 674 1015 739 honorabilis
1040 694 1156 741 annua
1177 678 1364 741 recursione

155 760 395 844 sollempnitas.
418 770 453 825 et
478 770 641 845 perpetua
663 780 798 847 semper
820 771 856 826 et
880 780 972 827 noua
994 772 1055 827 est
1068 762 1152 845 quia
1177 772 1214 827 et
1237 764 1273 828 in
1287 784 1363 828 eon-

156 856 273 931 spectu
288 844 365 923 tual
379 848 580 927 maliestatis
594 858 769 931 permanet
784 867 874 913 mors
888 852 1024 912 tuorum
1039 849 1212 933 praetiosa
1225 848 1284 934 [io
1298 850 1362 930 146

156 944 348 999 sanctorum
373 946 409 998 et
434 942 662 999 restaurantur
681 936 889 999 incrementa
910 934 1059 1001 laetitiae
1081 955 1162 1001 cum
1189 934 1363 1013 felicitatel

156 1029 313 1085 aeternae
327 1020 518 1085 recoluntur
530 1020 679 1086 exordia
694 1040 755 1107 per
768 1020 940 1125 christum.

611 1174 677 1239 Ad
684 1174 913 1259 complendum.

201 1284 362 1350 Libantes
384 1284 522 1350 domine
543 1305 680 1350 mensae
703 1296 783 1351 tuae
806 1287 907 1351 beata
932 1287 1094 1371 mysteria
1113 1307 1299 1371 quesumus
1325 1297 1358 1352 ut

156 1373 264 1437 sancti
288 1372 444 1455 martyris
470 1372 519 1438 tui
552 1374 782 1456 symphoriani
813 1374 1006 1457 patrociniis
1035 1372 1301 1459 suffragantibus
1325 1386 1354 1439 et

156 1470 366 1543 praesentem
396 1458 495 1523 nobis
525 1459 786 1525 misericordiam
823 1459 997 1526 conserant
1027 1470 1062 1526 et
1092 1472 1275 1527 aeternam
1302 1480 1354 1546 per

157 1546 332 1611 dominum
348 1555 512 1609 nostrum.

215 1802 297 1853 vm.
322 1788 414 1853 Kar„
439 1788 544 1855 sarr.
568 1788 726 1855 Names
749 1789 891 1857 Saucrr
913 1790 1101 1857 Aunoaur
1124 1792 1302 1859 Enrscom

202 1916 296 1982 Deus
309 1918 367 2000 qui
382 1916 585 2001 perhennem
607 1918 748 2001 gloriam
764 1919 966 1985 sanctissimi
981 1920 1184 1985 confessoris
1198 1920 1247 1985 tui
1262 1928 1344 2001 atque

157 2004 324 2089 pontilicis
348 2004 491 2068 audoeni
518 2005 651 2070 animae
676 2006 855 2072 contulisti.
872 2005 980 2071 tribue
1003 2026 1190 2089 quesumus
1212 2009 1281 2071 eius
1295 2022 1342 2068 nos

157 2092 247 2175 apud
263 2100 297 2155 te
312 2090 359 2155 ita
373 2091 565 2173 patrociniis
587 2092 764 2157 subleuari.
779 2102 818 2158 ut
842 2112 920 2157 cum
944 2112 986 2157 eo
1009 2092 1116 2159 uitam
1132 2094 1340 2179 possideamus

158 2188 338 2243 aeternam.
354 2198 421 2261 per.

685 2298 824 2365 Secreta

202 2409 328 2476 Oblata
363 2428 546 2491 quesumus
581 2410 719 2475 domine
749 2430 888 2476 munera
925 2410 1034 2476 fidelis
1072 2411 1198 2496 populi.
1235 2405 1334 2475 meritis

157 2496 340 2560 beatissimi
356 2494 521 2578 patronisl
538 2498 640 2560 nostri
664 2499 808 2561 audoeni
825 2498 885 2561 tibi
904 2500 1088 2562 reddantur
1104 2511 1246 2583 accepta.
1261 2506 1290 2559 ut
1302 2492 1332 2554 ab

158 2586 249 2648 omni
275 2584 473 2666 contagione
500 2585 627 2666 peccati
652 2585 782 2648 hisdem
809 2585 931 2666 quibus
962 2585 1165 2650 famulamur
1196 2580 1332 2668 mysteriis

158 2672 339 2736 clementer
353 2673 525 2734 cmundari
543 2692 735 2735 mereamur.
752 2693 816 2753 per.

670 2834 852 2913 Praefatio.

203 2948 252 3012 (D
285 2958 417 3010 aeterne
447 2945 537 3009 deus.
596 2947 640 3009 Et
671 2957 763 3009 tuam
803 2947 1084 3028 omnipotentiam
1124 2941 1330 3010 incessabiliter

160 3035 356 3117 praedicare.
374 3035 626 3114 inmensamque
650 3034 811 3114 unigeniti
836 3035 883 3096 tui
908 3035 1118 3097 maiestatem
1144 3036 1205 3117 piis
1223 3028 1329 3124 uocibus

159 3122 367 3185 conlaudare.
383 3122 439 3201 qui
464 3121 637 3182 ecclesiam
665 3131 759 3183 tuam
787 3123 833 3183 ita
858 3121 1017 3183 bonitatis
1040 3131 1120 3183 tuae
1137 3122 1329 3204 moderamine

161 3209 272 3272 fouere
299 3228 365 3270 non
392 3208 523 3270 desinis.
549 3218 585 3270 ut
612 3228 753 3288 quorum
781 3209 888 3289 primo
915 3218 948 3270 te
973 3209 1172 3288 prouidente
1193 3207 1328 3291 informari

162 3297 280 3359 meruit
318 3293 482 3376 exemplu.
521 3314 634 3357 eorum
674 3295 774 3357 ctiam
814 3305 976 3376 perpetuo
1016 3305 1182 3357 mereatur
1217 3282 1327 3355 delendi.

163 3383 335 3465 Siquidem
384 3382 611 3443 sanctissimus
660 3380 828 3443 consessor
866 3382 1054 3462 pariterque
1092 3381 1242 3444 sacerdos
1272 3384 1328 3435 tuus

161 3474 341 3534 audoenus
355 3489 440 3531 unus
457 3469 573 3530 horum
588 3488 725 3530 numero
742 3478 775 3529 et
792 3469 909 3529 merito
925 3468 1146 3549 praefulgens
1163 3464 1328 3549 cooperante

161 3560 267 3641 gratia
283 3558 416 3639 spiritus
433 3556 537 3617 sancti
554 3554 642 3637 plebi
659 3566 735 3617 tuae
751 3556 826 3636 pius
843 3556 956 3617 extitit
972 3556 1181 3636 praedicator
1196 3568 1227 3616 et
1243 3556 1328 3614 rectos·

163 3647 265 3713 Cuius
281 3640 461 3725 benignusi
469 3644 641 3725 praecibus
652 3652 744 3704 tuam
759 3642 951 3723 proj'mereri
967 3642 1180 3705 clementiam
1199 3639 1249 3726 [io.
1263 3630 1328 3710 146V·

162 3733 375 3799 confidentes.
401 3730 514 3793 debita
541 3730 761 3792 ueneratione.
789 3727 875 3790 hunc
901 3728 988 3790 diem
1013 3731 1173 3791 transitus
1190 3714 1329 3790 suicaele

163 3825 304 3887 bramus
322 3822 352 3882 in
379 3839 446 3900 quo
472 3817 558 3881 stola
582 3818 803 3898 sempiternae
831 3815 1043 3878 iocunditatis
1073 3816 1173 3879 indui.
1190 3826 1222 3878 et
1237 3814 1330 3874 corona

165 3908 415 3974 inmarcescibili
433 3906 552 3968 meruit
567 3905 723 3968 decorari.
740 3913 773 3966 et
791 3903 872 3965 ideo.

617 4074 678 4138 Ad
689 4073 912 4155 corripiendum.

209 4196 347 4260 Mensae
363 4190 512 4256 caelestis
536 4186 787 4272 participatione
809 4185 955 4266 uegetati
972 4184 1138 4267 supplices
1154 4195 1186 4247 te
1207 4185 1332 4265 rogamus

165 4286 376 4366 omnipotens
391 4283 481 4344 deus
492 4288 529 4341 ut
545 4278 628 4339 sicut
639 4278 679 4339 de
693 4273 780 4335 beati
791 4273 932 4335 audoeni
946 4282 1106 4353 perpetua
1122 4270 1331 4354 glorificatione

166 4393 277 4436 annua
293 4369 504 4433 caelebritate
526 4366 718 4448 gaudemus
735 4362 780 4423 ita
796 4360 898 4441 ipsius
914 4359 1002 4440 apud
1020 4370 1053 4421 te
1069 4360 1293 4422 intercessione
1304 4345 1334 4411 ab

166 4461 257 4526 omni
275 4476 459 4523 mereamur
473 4453 674 4517 aduersitate
689 4447 830 4513 defendi.
847 4467 905 4528 per
919 4446 1093 4510 dominum
1111 4458 1265 4510 nostrum.
1343 4470 1347 4481 ·
