3046 5092
165 322 215 386 ²⁴9
360 318 473 371 mssa
494 318 544 369 ΙΝ
559 318 719 371 HONORB
741 316 904 371 OMNIUM
920 316 1167 373 sartorum.

694 484 835 553 smera.

204 602 346 667 Munera
359 609 475 665 nostra
481 618 663 683 quesumus
676 607 848 681 gratanter
861 598 994 682 suscipe
1000 598 1267 665 clementissime
1279 602 1368 667 deus

160 700 196 754 et
211 686 507 753 interuenientibus
521 685 675 770 gloriosis
689 683 873 769 uirginibus
884 684 919 749 in
929 684 993 751 hac
1003 686 1142 752 basilica
1150 688 1368 770 camequies·

159 775 312 841 centibus
348 773 519 837 uniuersas
548 772 704 838 uitiorum
731 771 880 837 maculas
909 792 930 836 a
959 770 1057 837 nobis
1090 774 1236 858 expelle.
1269 784 1369 858 atque

159 862 361 945 sempiterne
376 859 543 924 felicitatis
556 859 681 943 gaudia
694 859 850 923 concede
865 878 925 943 per
938 859 1124 925 dominum.

613 990 677 1056 Ad
686 992 915 1076 complendum.

202 1106 339 1170 Praesta
352 1123 533 1187 quesumus
548 1122 657 1168 rerum
672 1103 901 1169 uniuersarum
924 1104 1079 1169 conditor
1101 1105 1195 1170 deus.
1211 1117 1250 1171 ut
1273 1106 1367 1171 huius

155 1191 326 1277 perceptio
341 1191 487 1255 muneris
500 1190 545 1255 sit
554 1190 651 1254 nobis
665 1190 851 1275 purificatio
862 1192 983 1256 mentis
992 1200 1027 1256 et
1040 1193 1198 1277 corporis.
1208 1203 1244 1258 et
1255 1192 1367 1258 suffra·

156 1277 410 1431 gangggsmilslpls
433 1277 617 1361 uirginibus
642 1278 752 1343 sacris.
767 1279 953 1362 praemium
975 1279 1129 1345 caelestis
1151 1277 1366 1345 hereditatis¹

154 1384 214 1449 per
404 1413 410 1428 .

359 1508 475 1573 Missa
497 1522 549 1573 nu
572 1507 726 1574 Seuero
748 1510 971 1576 Benenrcro
993 1509 1159 1575 Assera.

199 1620 252 1687 Sit
273 1621 410 1686 domine
435 1640 617 1703 quesumus
642 1621 863 1687 beatissimus.
878 1623 1072 1687 benedictus
1094 1634 1210 1689 custos
1232 1634 1364 1689 actuum

155 1718 342 1772 nostrorum
357 1717 393 1771 et
408 1708 497 1771 mala
505 1727 608 1791 opera
615 1728 655 1773 ac
664 1709 830 1774 desideria
846 1709 993 1794 maligna
1007 1729 1093 1793 quae
1109 1720 1228 1775 nostra
1244 1710 1365 1795 fragili·

154 1805 206 1858 tas
230 1814 385 1877 superare
410 1814 478 1858 non
505 1805 625 1877 potest
640 1796 712 1861 eius
735 1796 791 1879 pia
815 1796 1049 1861 intercessione
1074 1807 1133 1860 tua
1157 1798 1364 1882 benignitate

153 1890 322 1945 annuente
337 1881 519 1945 uincantur.
535 1901 602 1965 per.

692 2001 829 2068 Secreta.

201 2110 311 2179 Sacris
335 2111 495 2177 altaribus
524 2113 661 2178 domine
686 2114 813 2179 hostias
836 2114 1070 2199 superpositas.
1096 2126 1237 2181 sanctus
1267 2119 1364 2182 bene-

156 2198 265 2263 dictus
279 2219 460 2282 quesumus
474 2200 508 2264 in
523 2199 665 2265 salutem
682 2202 779 2266 nobis
793 2203 968 2286 prouenire
981 2204 1152 2287 deposcat.
1167 2224 1237 2288 per.

606 2336 670 2402 Ad
678 2338 905 2422 complendum.

199 2448 335 2511 Existat
344 2468 525 2530 quesumus
536 2450 674 2513 domine
681 2448 893 2514 beatissimus
904 2450 1099 2516 benedictus
1109 2464 1294 2535 perpetuus
1309 2474 1366 2536 pro

156 2535 252 2598 nobis
268 2536 478 2599 interuentor.
496 2547 532 2600 ut
548 2536 629 2599 haec
642 2548 757 2601 sancta
774 2539 932 2620 mysteria
947 2559 1032 2620 quae
1048 2540 1195 2622 indignis
1214 2542 1364 2603 manibus

155 2632 345 2685 tractamus.
364 2643 429 2684 non
455 2625 521 2686 sint
548 2625 643 2687 nobis
671 2637 780 2687 reatus
807 2626 848 2688 ad
876 2646 1028 2707 poenam.
1044 2627 1102 2689 sed
1121 2627 1188 2689 sint
1206 2626 1364 2690 fortitudo

157 2718 288 2772 nostrae
305 2708 514 2773 infirmitatis.
531 2711 621 2773 etad
639 2712 742 2773 uitam
759 2713 997 2794 capessendam
1015 2723 1186 2776 aeternam
1211 2735 1364 2796 praepar·

156 2797 223 2860 atio
240 2796 398 2859 salutaris.
415 2819 474 2879 per
489 2798 670 2860 dominum.

345 2981 462 3045 Missa
486 2996 526 3045 m
553 2982 719 3046 Honores
743 2982 908 3047 Osiniuu
933 2984 1181 3048 Sancnonuu.

201 3097 293 3159 Deus
309 3096 364 3176 qui
388 3095 505 3156 beatae
522 3095 644 3156 mariae
659 3092 806 3177 [semper
820 3096 956 3177 uirginis
972 3105 1005 3158 et
1028 3096 1201 3158 beatarum
1220 3096 1277 3179 [fo.
1300 3107 1366 3161 1250.

156 3184 304 3247 omnium
321 3182 510 3243 caelestium
524 3182 682 3243 uirtutum
699 3192 732 3244 et
743 3192 931 3245 sanctorum
948 3184 1208 3264 patriarcharum
1226 3185 1368 3267 prophe·

156 3282 264 3334 tarum
302 3269 527 3350 apostolorum
567 3278 756 3350 martyrum.
788 3269 1013 3332 consessorum
1052 3271 1227 3351 uirginum.
1268 3282 1368 3353 atque

157 3359 305 3422 omnium
331 3355 427 3417 simul
455 3364 643 3417 sanctorum
671 3357 826 3418 continua
854 3355 1011 3418 laetificas
1038 3360 1367 3422 commemoratione.

157 3455 288 3528 praesta
303 3462 481 3524 quesumus
497 3452 533 3504 ut
549 3462 631 3522 quos
647 3443 814 3505 cotidiano
830 3463 1025 3505 ueneramus
1040 3443 1156 3506 officio.
1173 3446 1278 3507 etiam
1296 3448 1369 3528 piae

158 3531 416 3596 conuersationis
432 3549 562 3611 semper
577 3549 754 3610 sequamur
769 3531 934 3612 exemplo.
952 3549 1016 3611 per.

695 3651 832 3715 Secreta,

204 3767 343 3829 Munera
366 3763 425 3826 tibi
448 3763 582 3826 domme
598 3773 728 3827 nostrae
743 3763 930 3825 deuotionis
945 3761 1121 3824 offerimus
1138 3783 1225 3843 quae
1249 3776 1284 3827 et
1312 3788 1371 3848 pro

160 3865 292 3918 tuorum
319 3852 378 3914 tibi
403 3859 497 3933 grata
523 3846 616 3922 suntl
631 3849 755 3912 honore
770 3860 967 3912 sanctorum.
984 3859 1017 3910 et
1042 3850 1137 3910 nobis
1160 3852 1322 3915 salutaria
1337 3866 1369 3916 te

163 3943 337 4006 miserante
354 3940 539 4001 reddantur.
556 3958 613 4019 per
628 3937 800 4000 dominum
817 3947 974 3998 nostrum.

612 4058 644 4120 Α
648 4059 675 4121 d
684 4057 909 4139 corrrplendum.

207 4178 341 4239 Praesta
356 4172 450 4236 nobis
466 4171 601 4234 domine
615 4191 793 4252 quesumus
817 4169 1093 4232 intercedentibus
1109 4172 1261 4234 omnium
1276 4194 1366 4235 sanc·

161 4275 269 4328 torum
279 4271 409 4324 tuorum
424 4259 555 4322 meritis.
565 4267 602 4320 ut
613 4277 698 4339 quae
709 4277 765 4320 ore
777 4257 1007 4339 contingimus.
1018 4258 1189 4338 capiamus
1202 4269 1234 4321 et
1250 4275 1366 4323 mente.

160 4374 219 4435 per
233 4350 415 4415 dominum.

299 4477 305 4506 ¹
323 4476 399 4527 Some
410 4475 479 4525 word
491 4474 542 4523 like
553 4489 732 4539 conrcprrrmrrr
741 4475 831 4524 should
845 4474 950 4539 probabi
962 4489 977 4537 y
990 4474 1021 4523 be
1033 4473 1149 4538 supplied
1162 4474 1230 4524 here.
