3046 5092
451 362 560 413 boul.
587 362 635 413 IN
655 360 957 414 SEPTUAGESIMA.

371 583 568 665 Doururcn
591 583 655 646 VI.
679 595 768 647 ross
791 581 1054 646 Turonrmu.

154 732 324 797 Conserua
340 734 500 817 populum
517 735 623 797 tuum¹
641 744 674 797 et
691 743 749 797 tuo
761 732 887 796 nomini
904 731 955 794 sac
967 732 1135 795 deuotum.
1148 741 1184 794 ut
1196 730 1316 794 diuinis

108 821 279 969 subigctus
293 820 410 884 officiis
426 833 461 885 et
476 821 674 904 temporalia
688 820 825 883 uiriliter
841 832 874 884 et
895 828 1029 882 aeterna
1044 820 1132 882 dona
1148 820 1315 902 percipiat.

109 926 168 988 per
206 928 366 971 ominum.

648 1018 785 1084 Secreta.

155 1140 251 1203 Haec
267 1160 327 1203 nos
344 1138 470 1203 oblatio
485 1142 567 1204 deus
584 1141 722 1203 mundet
745 1158 924 1221 quesumus
940 1147 974 1200 et
990 1147 1133 1201 renouet.
1150 1147 1183 1200 et
1198 1138 1316 1221 guber·

110 1236 168 1289 net
183 1236 217 1290 et
232 1236 395 1310 protegat.
411 1247 470 1308 per
485 1228 667 1291 dominum.

622 1380 803 1459 praefato.

155 1502 205 1565 (D
229 1510 363 1563 aeterne
389 1501 480 1563 deus.
525 1499 584 1562 Ad
609 1501 701 1562 cuius
725 1501 921 1563 immensam
946 1499 1088 1582 pertinet
1113 1499 1253 1581 gloriam
1277 1509 1314 1562 ut

110 1607 175 1649 non
193 1587 300 1649 solum
318 1587 512 1649 mortalibus
535 1597 593 1649 tua
615 1589 760 1668 piaetate
782 1584 1009 1669 [succurreres.
1024 1587 1082 1648 sed
1106 1588 1148 1649 de
1171 1586 1226 1668 [fo.
1242 1603 1315 1665 40v.

110 1675 182 1755 ipsa
206 1675 307 1737 etiam
332 1673 534 1736 mortalitate
557 1683 669 1735 nostra
693 1675 788 1736 nobis
812 1674 993 1736 remedium
1024 1674 1223 1755 prouideres.
1270 1673 1316 1736 Et

108 1760 256 1842 perditos
271 1780 422 1843 quosque
437 1760 526 1824 unde
541 1761 705 1842 perierant
722 1759 799 1822 inde
816 1760 969 1822 saluares.
985 1780 1044 1841 per
1059 1761 1226 1823 christum.

565 1903 628 1968 Ad
636 1904 862 1986 complendum.

156 2030 363 2096 Caelestibus
405 2028 541 2093 domine
585 2030 672 2112 pasti
717 2031 850 2094 deliciis.
887 2048 1067 2112 quesumus
1104 2038 1141 2092 ut
1185 2049 1316 2111 semper

110 2115 247 2191 eadem†
272 2137 454 2199 perquem
480 2118 639 2180 ueraciter
665 2118 808 2181 uiuimus
831 2129 1036 2199 appetamus.
1061 2137 1119 2199 per
1141 2118 1314 2180 dominum

111 2217 272 2269 nostrum.

577 2314 684 2396 Super
690 2316 854 2397 populum.

154 2436 288 2500 Adesto
300 2435 436 2499 domine
453 2433 604 2498 fidelibus
621 2436 696 2497 tuis.
709 2448 743 2497 et
755 2436 875 2517 quibus
886 2433 1149 2516 supplicantibus
1160 2434 1315 2497 fiduciam

110 2524 229 2587 tribuis
253 2524 426 2585 miseratus
449 2521 615 2585 affectum.
632 2524 777 2585 concede
800 2523 1056 2602 benignissimae
1079 2521 1315 2585 consolationis

110 2611 285 2674 auxilium.
302 2629 371 2691 per.

426 2807 625 2871 Douuucn
649 2820 689 2870 ru
715 2807 1014 2872 Sueruncssnm.

156 2958 296 3022 Praeces
324 2956 439 3040 populi
470 2957 518 3020 tui
549 2977 728 3039 quesumus
756 2957 891 3020 domine
916 2958 1097 3020 clementer
1123 2955 1253 3019 exaudi.
1280 2965 1316 3018 ut

108 3046 167 3127 qui
192 3047 298 3108 iustae
313 3065 374 3128 pro
389 3045 533 3126 peccatis
550 3045 670 3107 nostris
693 3043 877 3126 affligimur.
893 3064 952 3126 pro
975 3045 1023 3107 tui
1047 3045 1189 3105 nominis
1212 3043 1317 3125 gloria

109 3133 366 3196 misericorditer
381 3131 564 3194 liberemur.
581 3150 646 3213 per.

644 3263 783 3329 Secreta.

157 3386 353 3450 Muneribus
383 3384 505 3448 nostris
529 3405 709 3467 quesumus
736 3387 871 3449 domine
896 3385 1114 3469 precibusque
1144 3386 1314 3468 susceptis.

109 3483 146 3538 et
160 3474 361 3537 caelestibus
376 3493 437 3536 nos
454 3474 580 3536 munda
595 3473 762 3554 mysteriis
777 3483 810 3536 et
825 3473 1006 3537 clementer
1020 3473 1154 3536 exaudi.
1170 3493 1234 3554 per.

626 3624 807 3706 Praefatio.

158 3745 208 3809 (Β
224 3736 358 3808 aeter'ne
372 3743 462 3809 deus.
508 3744 596 3827 Quia
619 3765 677 3827 per
692 3766 732 3807 ea
747 3764 832 3826 quae
848 3744 1096 3827 conspiciuntur
1112 3744 1315 3807 instruimur.

109 3831 234 3912 quibus
272 3832 380 3895 modis
423 3832 465 3895 ad
512 3832 688 3894 inuisibilia
732 3832 866 3894 tendere
903 3832 1092 3893 debeamus.
1163 3831 1317 3912 Denique

109 3937 366 3981 commonemur
380 3920 458 3981 anni
473 3917 617 3982 ducente
632 3938 784 3982 successu
800 3919 843 3980 de
867 3919 1050 3999 praeteritis
1074 3918 1115 3979 ad
1139 3917 1256 3981 sutura.
1273 3920 1316 3982 de

110 4015 281 4068 uetustate
298 4007 331 4066 in
347 4007 531 4068 nouitatem
549 4007 637 4068 uitae
653 4006 799 4068 transire.
846 4005 895 4068 Ut
910 4005 1045 4067 terrenis
1068 4005 1316 4068 sustentationi·

110 4093 176 4155 bus
200 4092 350 4174 expediti
375 4091 526 4154 caelestis
549 4091 628 4155 doni
653 4092 824 4174 capiamus
848 4091 1096 4153 desiderabilius
1121 4091 1316 4154 ubertatem.

110 4179 161 4242 Et
183 4198 243 4260 per
263 4198 341 4240 eum
356 4178 478 4259 cybum
502 4179 558 4260 qui
581 4177 748 4241 beneficiis
771 4187 967 4260 prorogatur
988 4177 1130 4241 alternis.
1146 4180 1316 4260 peruenia-

111 4283 188 4328 mus
204 4266 246 4328 ad
270 4265 396 4329 uictum
411 4265 482 4328 sine
504 4264 570 4328 fine
593 4285 795 4329 mansurum.
818 4265 922 4327 iesum
953 4264 1112 4329 christum
1142 4265 1315 4328 dominum

109 4362 274 4415 nostrum.

514 4530 524 4567 ¹
540 4534 650 4587 Domine
661 4534 784 4603 probably
795 4534 909 4587 omitted.
