3046 5092
407 335 498 387 DOM.
518 335 595 385 XIX.
615 334 712 385 Posr
727 332 802 383 OCT.
822 330 1107 382 PENYECOSTEN.
1314 341 1358 393 135

623 501 731 586 Super
736 504 901 586 populum.

200 616 342 700 Suscipe
357 615 492 680 domine
511 636 646 698 praeces
662 617 778 699 populi
802 619 850 680 tui
873 617 1092 699 supplicantis
1106 624 1141 680 et
1157 617 1260 680 nostri
1277 627 1358 679 uota

155 705 269 769 ieiunii
285 705 437 768 salutaris
453 705 501 766 tui
517 702 637 785 perfice
660 716 912 768 sacramentum.
929 725 989 787 per
1008 704 1182 767 dominum
1198 714 1357 767 nostrum.

267 920 465 984 Donnucn
497 918 633 983 XVIII.
657 932 746 982 Post
770 917 944 983 Oetaeas
968 920 1249 984 Pentecosten.

201 1050 269 1113 Fac
309 1070 369 1112 nos
400 1068 580 1130 quesumus
619 1049 754 1111 domine
789 1057 944 1130 prompta
978 1048 1152 1112 uoluntate
1183 1049 1358 1112 subiectos.

157 1139 200 1287 qd
231 1137 487 1237 supplicandum
515 1136 574 1197 tibi
603 1146 733 1197 nostras
764 1155 896 1216 semper
925 1137 1038 1198 excita
1068 1135 1267 1199 uoluntates,
1300 1157 1359 1218 per

184 1243 344 1286 ominum.

695 1356 831 1422 Secreta.

203 1471 334 1534 Munda
363 1490 424 1533 nos
454 1470 590 1533 domine
620 1470 768 1533 sacrificii
806 1471 988 1552 praesentis
1019 1469 1146 1533 effectu.
1178 1480 1211 1534 et
1241 1469 1363 1553 perfice

161 1560 334 1622 miseratus
350 1559 383 1619 in
400 1559 495 1620 nobis
511 1567 548 1620 ut
564 1559 634 1620 eius
650 1577 835 1620 mereamur
850 1579 921 1620 esse
937 1559 1122 1640 participes.
1139 1577 1204 1640 pet.

672 1706 854 1786 Praefatae.

204 1820 254 1883 (I)
280 1839 339 1901 per
362 1818 520 1880 christum
548 1817 720 1881 dominum
747 1828 904 1882 nostrum.
951 1816 1016 1899 Qui
1040 1818 1120 1881 uicit
1142 1817 1311 1881 diabolum
1329 1828 1363 1881 et

161 1907 323 1969 mundum
349 1905 585 1986 hominemque
612 1907 778 1987 paradyso
803 1906 952 1968 restituit.
977 1918 1010 1967 et
1036 1906 1124 1967 uitae
1149 1906 1264 1968 ianuas
1294 1900 1363 1967 cre-

161 1993 317 2057 dentibus
334 1992 496 2074 patefecit.
513 2013 572 2075 pet
587 2011 697 2073 quem.

609 2145 671 2208 Ad
681 2144 908 2227 complendum.

204 2255 346 2320 Purifica
361 2256 495 2319 domine
510 2276 690 2338 quesumus
714 2266 841 2320 mentes
866 2269 995 2319 nostras
1011 2256 1174 2337 benignus
1191 2265 1224 2319 et
1240 2276 1363 2319 renoua

159 2344 357 2406 caelestibus
382 2345 603 2405 sacramentis
621 2356 657 2405 ut
684 2358 925 2426 consequenter
952 2356 1183 2426 etcorporum
1208 2363 1362 2426 praesens

159 2432 282 2514 pariter
297 2441 330 2493 et
346 2429 491 2493 futurum
507 2431 678 2512 capiamus
695 2430 864 2493 auxilium.
882 2452 947 2513 per.

624 2578 732 2661 Super
736 2581 899 2661 populum.

202 2694 362 2774 Protegat
377 2691 510 2755 domine
526 2711 706 2773 quesumus
719 2702 776 2754 tua
788 2694 929 2755 dextera
939 2690 1099 2773 populum
1117 2690 1361 2773 supplicantem

159 2791 195 2844 ut
233 2789 442 2862 praesentem
480 2779 584 2840 uitam
623 2780 685 2841 sub
726 2791 783 2841 tua
825 2778 1065 2860 gubernatione
1102 2788 1361 2841 transcurrentes

156 2864 339 2939 mercaturi
353 2866 501 2928 inuenire
516 2863 733 2950 peripetuam.
751 2885 809 2947 per
824 2867 1006 2928 dominum.
1224 2863 1292 2946 [sol.
1309 2882 1361 2944 97.

293 3097 491 3161 Donnucn
513 3097 609 3160 XIX.
635 3111 724 3161 rost
749 3096 921 3162 Oetaeas
946 3099 1231 3162 Pauaacosrau.

200 3228 258 3292 Da
273 3247 453 3308 quesumus
468 3226 602 3289 domine
619 3225 744 3308 populo
766 3236 825 3288 tuo
847 3227 1011 3289 diabolica
1026 3229 1131 3289 uitare
1146 3227 1310 3308 contagia.
1326 3236 1360 3288 et

158 3326 192 3379 te
207 3315 317 3378 solum
333 3315 506 3376 dominum
524 3333 607 3394 puro
623 3313 722 3376 corde
737 3315 863 3376 sectari.
879 3335 938 3396 per
953 3315 1134 3377 dominum.

690 3466 826 3532 Secreta.

202 3580 415 3643 Maiestatem
444 3587 536 3641 tuam
561 3579 696 3641 domine
722 3579 916 3662 suppliciter
935 3581 1180 3662 depraecamur.
1212 3589 1248 3643 ut
1278 3579 1360 3641 haec

157 3678 275 3730 sancta
286 3686 373 3747 quae
388 3667 541 3747 gerimus.
558 3676 624 3728 eta
640 3668 825 3748 praeteritis
839 3687 900 3729 nos
912 3667 1041 3730 delictis
1050 3678 1177 3729 exuant
1190 3679 1222 3729 et
1236 3666 1361 3730 suturis.

158 3775 217 3836 per
230 3754 414 3816 dominum.

667 3888 848 3969 Praefatio.

201 4002 253 4066 ff>
270 4009 404 4063 aeterne
419 3999 509 4064 deus.
556 4000 601 4064 Et
615 4001 823 4063 maiestatem
840 4010 931 4063 tuam
942 3999 1110 4062 humiliter
1126 3998 1308 4081 implorare.
1325 4009 1362 4061 ut

159 4090 246 4152 iesus
270 4088 412 4150 christus
435 4087 520 4150 filius
537 4096 613 4150 tuus
629 4088 784 4150 dominus
809 4100 922 4149 noster
937 4107 997 4149 sua
1013 4108 1073 4149 nos
1087 4088 1194 4168 gratia
1210 4097 1363 4168 protegat

158 4187 192 4239 et
218 4184 404 4238 conseruet
451 4174 496 4237 Et
517 4175 596 4255 quia
618 4174 690 4237 sine
715 4174 787 4255 ipso
812 4173 891 4235 nihil
920 4186 1007 4237 recte
1035 4173 1205 4235 ualeamus
1228 4172 1362 4235 efficere.

159 4263 264 4345 ipsius
289 4281 426 4324 munere
452 4261 623 4343 capiamus
651 4270 688 4323 ut
712 4261 773 4323 tibi
797 4280 928 4343 semper
951 4260 1082 4342 placere
1109 4260 1281 4342 possimus,
1306 4282 1363 4342 per

157 4350 330 4414 christum.

620 4496 629 4531 ยน
647 4500 693 4550 Ad
701 4500 805 4552 omitted
816 4500 843 4550 in
856 4501 912 4552 MS.
