3046 5092
153 306 202 361 aa
318 306 391 363 rrrr.
419 308 472 361 ιο.
500 306 585 363 rura
611 308 701 363 rm.
729 308 760 361 s
787 306 921 363 zorrcr
942 290 1032 363 corr
1049 306 1181 363 cocus

198 592 293 657 Deus
317 590 375 675 qui
400 590 520 657 beatae
542 590 681 677 uirginis
705 588 1358 659 maemoustieaemimamadosoen·

153 678 300 745 dandam
324 678 534 743 innocentiae
547 678 639 743 uum
664 676 699 743 in
720 676 898 743 columbae
909 678 1023 763 specie
1035 678 1168 743 eaelum
1182 688 1358 765 peruenere

155 764 271 833 iecisti
279 766 425 831 concede
434 764 532 831 nobis
540 764 645 849 ipsius
660 762 788 829 meritis
802 763 997 831 innoomer
1009 764 1125 831 uiuere
1138 762 1195 851 lut
1209 762 1271 855 [io.
1287 766 1358 833 ιιᾶ

154 852 200 919 ad
214 852 333 919 eadem
349 870 536 919 mereamur
547 850 673 935 gaudia
685 850 867 937 peruenim
881 870 948 935 per.

690 1002 829 1071 Secreta

201 1116 341 1203 Suscipe
355 1135 537 1200 quesumus
550 1116 687 1181 domine
703 1115 750 1182 ob
769 1115 896 1183 honore
909 1134 1024 1183 sacrae
1037 1116 1179 1201 uirginis
1192 1126 1275 1185 mae
1286 1140 1361 1185 seo·

157 1204 295 1271 lasticae
324 1223 444 1269 munus
465 1202 625 1269 oblatum
646 1212 683 1267 et
703 1202 795 1287 quod
824 1203 946 1269 nostris
974 1204 1107 1287 assequi
1137 1204 1268 1271 meritis
1292 1226 1358 1273 non

158 1290 320 1447 §demus
340 1290 491 1357 eiusdem
513 1288 774 1375 suffragantibus
799 1290 925 1357 meritis
954 1290 1074 1375 largire
1102 1292 1279 1376 propitius
1301 1314 1361 1379 per

183 1398 343 1447 ominum.

608 1514 909 1599 armenas.
1031 1486 1035 1491 ’

204 1626 301 1713 Quos
323 1626 458 1693 caelesti
480 1626 618 1693 domine
641 1626 820 1693 reiectione
838 1628 999 1711 saginasti
1027 1626 1150 1693 beatae
1178 1648 1358 1713 quesumus

161 1716 358 1783 scolasticae
380 1714 519 1799 uirginis
543 1721 622 1779 tuae
645 1714 779 1779 meritis
807 1734 830 1781 a
858 1714 986 1779 cunetis
1015 1714 1130 1780 exime
1158 1717 1359 1802 propitiatus

161 1802 317 1870 aduenis
333 1820 393 1887 per
405 1800 580 1869 dominum
595 1808 755 1889 nostrum

337 2014 475 2081 Eonau
497 2012 772 2081 Dusarem
796 2014 987 2083 sorranus
1010 2014 1204 2081 Uracrurs

209 2144 347 2211 Praesta
368 2162 551 2229 quesumus
573 2144 788 2228 omnipotens
813 2144 897 2211 deus
911 2154 949 2209 ut
963 2150 1101 2209 sanctae
1114 2141 1259 2209 sotheris
1271 2140 1360 2206 cuius

162 2229 382 2297 humanitatis
394 2230 622 2297 caelebramus
646 2228 805 2309 exordio†
828 2230 984 2315 martyris
997 2228 1162 2297 beneficia
1174 2228 1358 2295 sentiamus

164 2336 225 2401 per
237 2316 421 2384 donnnum.

695 2452 835 2520 Secreta.

211 2567 348 2630 Praeces
385 2576 514 2631 nostras
545 2587 725 2648 quesumus
750 2567 884 2630 domine
914 2566 1114 2649 propitiatus
1153 2566 1296 2629 admitte
1321 2567 1349 2623 et

167 2652 314 2717 dicatum
330 2654 389 2718 tibi
405 2653 601 2717 sacrificium
619 2654 718 2718 beata
734 2654 874 2717 sotheris
891 2664 1018 2735 martyr
1032 2654 1254 2717 commendet
1270 2669 1324 2733 per.

615 2806 677 2869 Ad
686 2806 910 2888 compirndum.

213 2917 358 2984 Sanctae
381 2918 520 2981 sotheris
545 2917 717 3001 praecibus
741 2916 947 2982 confidentes
973 2936 1154 3000 quesumus
1180 2915 1340 3006 domineut

168 3024 282 3087 perca
297 3025 383 3087 quae
405 3005 618 3087 sumpsimus.
642 3014 777 3068 aeterna
801 3006 947 3069 remedia
973 3004 1153 3086 capiamus.
1179 3023 1237 3086 per
1258 3002 1339 3064 donu-

169 3111 258 3155 num.

312 3293 448 3358 Eouau
474 3294 546 3356 Dru
570 3292 807 3357 Sanctorum
832 3294 960 3357 Zor1cr
983 3306 1063 3356 cunr
1089 3291 1220 3356 Sosus,

216 3422 362 3485 Domine
383 3425 465 3485 deus
490 3430 603 3485 noster
629 3422 814 3504 multiplica
837 3441 935 3503 super
958 3441 1018 3483 nos
1045 3420 1187 3501 gratiam
1210 3427 1296 3480 tuan.
1312 3410 1335 3504 fi

172 3529 313 3591 quorum
340 3509 566 3573 caelebramus
591 3508 735 3590 gloriosa
772 3510 960 3572 certamina.
999 3508 1106 3571 tribue
1144 3498 1286 3583 subsequi
1313 3507 1335 3553 ¹1¹

173 3606 289 3660 sancta
303 3595 510 3660 consessione
525 3596 707 3659 uictoriam.
724 3616 782 3677 per
796 3597 969 3659 dominum
985 3604 1145 3657 nostrum.

703 3735 840 3800 Secreta.

219 3848 357 3930 Suscipe
374 3867 554 3930 quesumus
569 3847 705 3910 domine
722 3867 857 3911 munera
883 3847 998 3930 populi
1025 3847 1081 3909 tui.
1105 3864 1166 3927 pro
1189 3844 1339 3929 martyruss1

174 3934 354 3999 sestiuitate
369 3945 566 3998 sanctorum.
582 3944 617 3997 et
631 3935 760 3997 sincero
784 3954 845 3998 nos
869 3935 975 3999 corde
993 3933 1044 3996 fac
1068 3951 1183 3996 eorum
1210 3923 1340 3993 natalicus

175 4021 338 4085 interesse
356 4041 415 4104 per
427 4021 610 4086 dominum.

628 4174 660 4238 Α
663 4172 690 4237 d
698 4174 925 4256 complendum.

219 4285 426 4352 Sacramenti
442 4286 490 4350 tui
505 4287 641 4350 domine
665 4306 846 4369 quesumus
869 4296 1005 4368 sumpta
1032 4282 1221 4348 benedictio
1235 4287 1349 4360 corpori

175 4384 289 4438 nostra
319 4383 513 4455 mentesque
542 4372 735 4439 sanctificet
765 4385 800 4440 et
829 4383 1010 4458 perpetuae
1041 4368 1281 4435 misericordiae
1307 4372 1352 4426 nos

173 4471 348 4544 praeparet
363 4459 608 4525 adscribendos.
624 4481 684 4545 per
698 4463 871 4526 dominum
888 4470 1047 4526 nostrum.
