3046 5092
556 284 608 337 ID.
638 284 715 337 IAN.
745 285 833 338 MP.
861 284 1018 337 HILARII
1041 286 1100 337 ΕΡ.

560 464 733 555 [Nareae
755 468 898 537 Senem
920 466 1098 553 Bistam]

269 588 493 673 Omnipotens
507 590 709 672 sempiterne
723 590 814 654 deus.
829 590 883 654 cui
898 599 1018 655 cuncta
1031 588 1236 654 famulantur
1248 586 1423 655 elementa.

225 675 451 741 intercedente
471 696 532 759 pro
547 676 643 741 nobis
658 676 757 741 beato
771 676 890 741 basilio
905 676 1094 741 confessore
1107 686 1168 741 tuo
1189 685 1292 759 atque
1313 676 1423 761 ponti·

225 762 296 828 fiee.
311 762 435 826 exaudi
451 763 613 846 propitius
628 764 813 828 orationem
828 774 978 829 nostram
997 773 1032 828 et
1053 763 1162 827 tribue
1176 764 1274 828 nobis
1297 764 1421 827 miseri·

224 850 371 914 cordiam
388 860 490 914 tuam.
505 860 539 914 et
554 870 784 932 quaecumque
805 851 969 934 praecipis
983 860 1022 915 ut
1035 869 1183 935 agamus.
1205 851 1279 933 ipse
1299 849 1422 915 adiuua

222 948 259 1003 ut
275 936 412 1019 implere
426 937 600 1020 possimus.
615 958 675 1020 per
689 937 870 1003 dominum.

752 1088 890 1157 Secreta

268 1202 407 1268 Hostias
423 1201 483 1267 tibi
498 1203 635 1267 domine
657 1203 746 1268 beati
768 1203 875 1268 basilii
897 1202 1095 1268 confessoris
1116 1203 1165 1268 tui
1187 1212 1291 1286 atque
1312 1202 1422 1287 ponti·

221 1288 293 1355 licis
321 1290 449 1355 dicatas
472 1290 597 1355 meritis
626 1289 790 1374 benignus
815 1310 955 1355 assume.
978 1289 1078 1355 etad
1101 1299 1301 1375 perpetuum
1324 1289 1422 1354 nobis

220 1377 329 1443 tribue
343 1376 518 1461 prouenire
531 1376 725 1442 subsidium.
741 1398 799 1460 per
813 1377 995 1442 dominum.

737 1539 920 1620 Praefatae.

265 1650 316 1717 (D
331 1660 464 1715 aeterne
479 1651 569 1716 deus.
615 1652 661 1716 Et
673 1651 706 1715 in
721 1650 784 1715 hac
799 1651 976 1734 praecipue
989 1650 1045 1714 die
1058 1669 1160 1733 quarn
1172 1651 1315 1716 transitu
1326 1670 1423 1716 sacro
1435 1693 1439 1699 -

222 1737 312 1803 beati
327 1737 524 1803 confessoris
538 1739 588 1803 tui
603 1737 710 1803 basilii
726 1738 933 1802 consecrasti
971 1735 1163 1820 Quesumus
1179 1756 1259 1821 ergo
1274 1738 1421 1803 clemen·

220 1824 304 1889 tiam
319 1834 412 1889 tuam
429 1834 466 1889 ut
480 1825 540 1888 des
555 1825 651 1889 nobis
667 1824 757 1889 illam
773 1824 866 1908 sequi
881 1824 1076 1889 doctrinam.
1085 1843 1186 1907 quarn
1202 1823 1258 1889 ille
1273 1835 1309 1890 et
1318 1826 1425 1890 uerbo

221 1912 335 1976 docuit
351 1922 385 1977 et
400 1931 500 1996 opere
522 1911 710 1995 compleuit
734 1910 901 1995 Quatinus
923 1930 985 1975 nos
1006 1911 1157 1975 adiuuari
1179 1912 1270 1995 apud
1295 1912 1425 1977 miseri·

221 1999 369 2148 cordiqm
386 2008 478 2063 tuam
494 1997 544 2084 let
559 1998 725 2083 exemplis
736 2000 806 2063 eius
821 1998 1003 2063 sentiamus
1018 2007 1054 2063 et
1068 1999 1203 2064 meritis.
1247 1996 1307 2081 [io.
1327 2016 1424 2079 107v.

219 2105 316 2167 perc
341 2085 466 2151 ristum.

669 2238 732 2303 Ad
741 2236 966 2321 complendum.

267 2346 370 2415 Sacro
385 2370 521 2415 munere
536 2350 646 2415 satiati
662 2349 829 2434 supplices
843 2358 877 2413 te
892 2348 1029 2413 domine
1036 2347 1263 2431 deprecamur.
1278 2358 1317 2415 ut
1332 2351 1429 2435 quod

223 2435 337 2515 debite
352 2438 521 2501 seruitutis
543 2437 769 2501 caelebramus
792 2434 909 2500 officio.
933 2435 1159 2500 intercedente
1181 2434 1284 2499 beato
1305 2436 1431 2503 basilio

223 2523 409 2587 consessore
454 2536 513 2588 tuo
550 2536 650 2606 atque
688 2523 852 2606 pontifice.
891 2522 1085 2585 saluationis
1122 2532 1200 2585 tuae
1237 2525 1430 2589 sentiamus

221 2624 447 2692 augmentum.
471 2632 529 2694 per
544 2613 728 2674 dominum.

441 2811 531 2876 Inus
558 2813 635 2875 inu.
661 2812 865 2876 Durosrrro
890 2811 1044 2873 HILARII
1069 2809 1248 2874 EPISCOPI.

268 2937 361 3001 Deus
391 2940 483 3002 cuius
516 2941 727 3004 miseratione
757 2940 988 3022 delinquentes
1019 2949 1190 3002 mutantur
1218 2940 1263 3002 ad
1281 2943 1430 3004 ueniam.

224 3024 300 3087 iusti
317 3027 559 3090 transferuntur
581 3028 623 3091 ad
648 3027 803 3109 palmam.
827 3028 883 3109 qui
905 3025 1030 3089 infusus
1047 3027 1079 3088 in
1096 3027 1195 3089 corde
1210 3025 1302 3089 beati
1321 3028 1432 3092 hilarii

224 3112 381 3175 antistitis
405 3115 499 3195 quasi
523 3116 565 3177 de
588 3125 647 3177 tuo
674 3115 801 3198 templo
831 3114 906 3177 fidei
938 3134 1095 3195 responsa
1122 3113 1252 3176 dedisti.
1278 3117 1433 3178 concede

224 3200 386 3280 propitius
402 3211 438 3263 ut
454 3201 510 3282 qui
527 3211 605 3264 tunc
627 3202 789 3283 inclytum
811 3200 1032 3263 consessorem
1050 3200 1155 3262 iecisti
1171 3220 1346 3265 caesarem
1364 3224 1432 3266 non

225 3285 349 3349 timere.
373 3288 443 3349 eius
467 3289 729 3350 intercessorem²
756 3289 799 3351 ab
830 3286 968 3369 spiritali
992 3287 1087 3349 hoste
1110 3286 1241 3369 plebem
1266 3299 1433 3372 protegas

223 3372 460 3436 obsecrantem.
477 3386 514 3437 ut
530 3376 620 3437 cuius
637 3375 883 3457 sollempnitate
899 3374 1065 3457 tripudiat.
1077 3375 1147 3436 eius
1162 3375 1203 3436 sit
1221 3372 1290 3437 fida
1307 3396 1433 3458 praece

223 3459 368 3522 defensa.
386 3481 444 3542 per
459 3463 640 3525 dominum.

756 3601 891 3665 Secreta.

270 3712 506 3778 Uniuersitatis
531 3716 683 3778 conditor
706 3726 740 3778 et
771 3715 907 3777 humani
936 3714 1064 3796 generis
1097 3713 1295 3777 reformator
1321 3722 1433 3783 omni-

226 3809 344 3880 potens
378 3803 468 3864 deus.
496 3822 604 3865 annue
639 3822 818 3884 quesumus
848 3802 1028 3884 praecibus.
1054 3811 1091 3863 ut
1121 3801 1176 3882 qui
1205 3802 1372 3868 miramur
1398 3809 1431 3869 in

225 3887 361 3950 doctore
388 3890 478 3969 quod
510 3890 657 3953 colimus.
688 3909 873 3952 mereamur
902 3890 935 3951 in
967 3907 1103 3950 munere
1130 3907 1197 3969 quo
1222 3891 1432 3969 placeamus

228 3972 271 4036 Et
295 3976 380 4038 sicut
407 3975 506 4039 beato
536 3976 653 4039 hilario
678 3976 864 4039 consessore
896 3986 955 4039 tuo
981 3984 1082 4056 atque
1108 3974 1266 4057 pontifice
1293 3979 1432 4043 dedisti.

224 4061 267 4123 cla
282 4063 461 4127 aecclesiae
476 4066 695 4127 concordiam.
713 4064 907 4126 memoriam
930 4062 1107 4144 gloriosam
1131 4081 1172 4124 eo
1187 4061 1376 4128 obtinente.
1395 4078 1433 4131 ut

225 4148 418 4213 sacrificium
436 4161 585 4213 nostrum
602 4152 671 4213 eius
689 4151 813 4213 meritis
829 4150 889 4213 tibi
905 4150 1066 4213 efficiatur
1082 4158 1265 4230 acceptum.
1283 4171 1353 4232 per.

224 4390 248 4439 bl
259 4328 265 4354 ¹
283 4327 339 4439 lThe
350 4343 415 4377 mass
427 4327 509 4377 which
518 4328 616 4377 follows
627 4328 672 4377 has
692 4343 725 4376 no
743 4327 852 4392 heading
872 4327 898 4375 in
915 4328 957 4377 the
971 4328 1039 4388 MS„
1052 4328 1096 4376 but
1108 4342 1123 4376 a
1135 4342 1209 4392 space
1221 4326 1249 4376 os
1263 4343 1279 4376 a
1292 4328 1341 4378 line
1354 4330 1378 4378 is
1391 4332 1436 4382 leit

250 4405 281 4438 an
293 4408 309 4439 ·.

255 4454 266 4485 ²
283 4457 405 4522 Probably
417 4458 455 4508 lor
466 4459 641 4509 intercessione.
