3046 5092
556 332 668 383 mssa
691 332 765 384 eno
786 332 959 384 marano.
1311 346 1359 403 ²95

713 488 805 551 Alia.

202 597 385 663 Benedicat
407 609 441 663 te
455 599 537 662 deus
552 598 644 662 caeli.
660 599 796 663 adiuuet
819 609 853 663 te
879 599 1019 663 christus
1045 599 1131 663 lilius
1157 600 1211 665 dei
1237 621 1356 684 corpus

158 693 254 748 tuum
264 685 296 748 in
309 705 371 748 suo
379 695 496 749 sancto
511 686 645 750 seruitio
660 686 817 749 custodiri
833 696 867 749 et
882 688 1068 750 conseruari
1084 687 1191 751 saciat.
1208 699 1354 752 mentem

158 781 252 834 tuam
268 771 432 836 illuminet
443 782 476 835 et
491 792 625 837 sensum
641 782 735 836 tuum
751 773 926 838 custodiat.
942 775 1082 855 gratiam
1099 785 1191 838 tuam
1215 775 1258 837 ad
1281 796 1356 859 pro-

159 867 292 921 uectum
303 859 434 921 animae
451 869 527 922 tuae
539 861 572 922 in
588 870 622 923 te
633 869 763 941 augeat.
773 860 817 923 ab
826 861 916 922 omni
930 861 1019 923 malo
1034 871 1067 923 te
1079 860 1203 925 liberet.
1216 864 1357 925 dextera

159 941 234 1020 tua†
245 945 412 1009 defendat.
424 946 481 1028 qui
497 956 630 1010 sanctos
643 966 720 1009 suos
736 967 867 1029 semper
882 946 1042 1029 [adiuuat.
1059 950 1129 1029 ipse
1144 957 1178 1011 te
1190 948 1245 1030 [so.
1262 964 1355 1012 212v.

159 1033 319 1095 adiuuare
334 1044 368 1097 et
384 1052 578 1096 conseruare
593 1034 757 1115 dignetur.
773 1035 830 1115 qui
846 1035 929 1097 uiuit
944 1044 978 1097 et
994 1046 1118 1116 regnat.

713 1152 804 1217 Alia.

204 1254 384 1319 Benedicat
407 1267 441 1319 te
456 1258 538 1320 deus
553 1269 654 1339 pater.
671 1258 728 1339 qui
744 1258 776 1319 in
793 1257 955 1340 principio
970 1268 1089 1321 cuncta
1111 1258 1244 1322 creauit.
1259 1257 1358 1321 bene-

157 1341 249 1405 dicat
276 1353 309 1406 te
331 1345 413 1405 deus
440 1342 533 1407 filius
549 1345 606 1426 qui
631 1345 674 1406 de
699 1345 849 1425 supernis
867 1346 1001 1409 sedibus
1027 1365 1087 1427 pro
1103 1345 1198 1408 nobis
1213 1344 1360 1408 saluator

157 1429 340 1492 descendit.
365 1431 539 1494 benedicat
569 1440 603 1494 te
632 1431 767 1513 spiritus
796 1442 929 1494 sanctus
959 1430 1016 1513 qui
1047 1432 1079 1493 in
1107 1432 1357 1495 similitudinem

157 1515 333 1579 columbae
344 1517 376 1578 in
389 1517 524 1579 flumine
539 1517 683 1580 iordanis
693 1518 854 1599 requieuit
869 1519 903 1580 in
919 1518 1049 1581 christo.
1062 1519 1131 1600 ipse
1146 1519 1202 1600 qui
1219 1519 1252 1580 in
1268 1519 1359 1582 trini-

157 1611 227 1665 tate
243 1603 402 1667 consistit.
418 1623 517 1685 quem
534 1624 651 1667 omnes
667 1614 842 1667 uenturum
858 1614 1040 1686 expectant
1055 1606 1098 1667 ad
1121 1605 1288 1668 iudicium.
1303 1606 1359 1687 qui

157 1708 234 1751 cum
251 1700 352 1771 patre.

202 1775 383 1839 Benedicat
399 1785 433 1839 te
444 1776 526 1839 deus
536 1787 638 1859 pater.
652 1778 816 1841 custodiet
832 1788 865 1842 tc
881 1779 968 1840 iesus
983 1778 1131 1840 christus.
1149 1776 1311 1841 illuminet
1327 1789 1360 1841 te

156 1862 293 1941 spiritus
308 1873 442 1927 sanctus
457 1866 612 1926 omnibus
637 1864 753 1927 diebus
780 1866 869 1928 uitae
896 1877 980 1927 tuae.
997 1863 1170 1927 confirmet
1195 1875 1229 1927 te
1256 1865 1360 1928 uirtus

156 1949 271 2012 christi
301 1950 472 2032 indulgeat
499 1952 559 2014 tibi
589 1952 745 2015 dominus
771 1952 924 2014 uniuersa
954 1951 1076 2014 delicta
1106 1961 1171 2013 tua.
1195 1952 1253 2033 qui
1284 1972 1360 2015 cum

157 2046 261 2117 patre.

465 2194 610 2258 lucum
635 2196 752 2259 Mrssn
775 2210 846 2260 rao
872 2197 1046 2260 Inmane

205 2316 377 2381 Uirtutum
387 2320 536 2382 omnium
554 2320 636 2382 deus
651 2320 708 2401 qui
723 2320 767 2383 ab
782 2320 935 2382 humanis
948 2320 1139 2401 corporibus
1152 2318 1361 2383 infirmitates

158 2404 301 2486 expellis
318 2406 470 2469 miserere
496 2427 593 2469 seruo
617 2416 675 2469 tuo
700 2417 734 2470 et
759 2407 857 2470 uisita
883 2408 915 2469 in
933 2407 1069 2469 salutari
1085 2417 1144 2471 tuo
1159 2417 1194 2470 et
1209 2407 1361 2470 caelestis

158 2493 286 2573 gratiae
301 2492 408 2555 tribue
425 2494 633 2557 medicinam.

202 2577 326 2642 Beatus
341 2580 398 2661 qui
415 2580 583 2662 intellegit.

692 2691 832 2758 collecta.

202 2794 426 2877 Omnipotens
442 2796 643 2876 sempiterne
657 2796 746 2858 deus
763 2796 820 2877 qui
846 2794 1002 2857 subuenis
1030 2796 1062 2857 in
1090 2794 1242 2877 periculis
1268 2804 1302 2858 et
1327 2795 1359 2858 in

158 2882 411 2945 necessitatibus
428 2881 661 2945 laborantibus.
679 2882 886 2945 maiestatem
911 2892 1003 2943 tuam
1027 2881 1219 2963 suppliciter
1240 2902 1360 2944 exora-

158 2987 241 3030 mus.
253 2978 289 3031 ut
306 2969 592 3049 mitteredigneris
607 2978 759 3031 sanctum
774 2968 929 3051 angelum
946 2976 1049 3030 tuum.
1060 2966 1119 3031 ill.l
1133 2969 1164 3030 in
1182 2969 1243 3031 hac
1256 2970 1359 3033 domo

156 3055 394 3117 consistentem
411 3056 443 3116 in
461 3056 630 3136 angustiis,
646 3065 679 3118 et
696 3056 946 3118 necessitatibus
969 3056 1036 3117 suis
1059 3054 1265 3118 laborantem
1282 3075 1360 3118 con·

156 3140 377 3204 solationibus
392 3142 531 3204 attollat.
548 3141 668 3223 quibus
684 3150 717 3204 et
733 3143 775 3203 de
790 3144 934 3223 presenti
959 3152 1180 3223 consequatur
1194 3141 1357 3205 auxilium

157 3238 191 3290 et
207 3236 342 3290 aeterna
358 3229 503 3291 remedia
519 3229 795 3310 conpraehendat.
812 3249 876 3311 per.

676 3365 833 3447 Epistola.

203 3468 344 3532 Fratres,
360 3468 525 3531 Tristatur
545 3469 664 3551 aliquis
681 3480 838 3533 uestrum.

202 3555 290 3631 RB?
314 3569 451 3649 Exurge
467 3568 602 3630 domine
616 3588 769 3631 succurre
791 3568 866 3630 huic
890 3566 1020 3630 infirmo
1043 3578 1076 3631 et
1099 3567 1202 3631 libera
1223 3587 1300 3630 eum
1324 3578 1356 3631 et

157 3674 239 3717 sana
254 3655 325 3716 eius
341 3654 541 3735 languorem.
557 3656 597 3717 l'.
634 3654 781 3717 Adiutor
806 3656 839 3717 in
864 3653 1143 3737 oportunitatibus
1167 3655 1200 3717 in
1223 3654 1360 3717 tribula·

157 3741 248 3803 tione
263 3761 362 3824 opem
386 3752 478 3803 tuam
503 3742 609 3804 tribue
625 3740 787 3823 benignus
803 3742 973 3804 auxilium.
1017 3741 1171 3804 Alleluia.
1211 3742 1311 3804 Mitte
1326 3743 1356 3815 ei

156 3827 292 3890 domine
306 3828 468 3890 auxilium
485 3828 528 3890 de
543 3838 659 3891 sancto
674 3840 707 3890 et
723 3828 765 3890 de
780 3829 851 3890 sion
868 3838 960 3891 tuere
975 3847 1060 3891 eum.

199 3912 464 3996 [Ευιινκξείίιιυι]3
509 3914 547 3976 ln
565 3914 606 3977 ill.
633 3915 775 3978 lntrauit
788 3915 875 3978 iesus
890 3916 1122 3996 capharnaum.

202 3998 265 4082 Off
290 4001 501 4083 Dominequi
511 4001 677 4083 publicani
688 4002 903 4083 praecibuset
912 3998 1071 4073 orationis
1079 3999 1203 4084 placa-l
1218 4000 1323 4083 [soar
1331 4018 1357 4080 3.

156 4096 211 4149 tus
233 4107 277 4149 es
300 4089 357 4169 qui
380 4108 509 4150 socrum
533 4089 618 4170 petri
641 4108 661 4149 a
685 4087 795 4151 sebrae
817 4088 929 4151 ualida
953 4087 1097 4150 liberasti
1121 4097 1155 4150 et
1178 4088 1274 4150 nobis
1297 4107 1357 4169 pro

155 4171 287 4236 infirmo
302 4174 565 4256 supplicantibus
580 4175 699 4238 adesto
712 4174 855 4238 domine.

190 4288 197 4320 ¹
215 4293 265 4344 See
275 4302 335 4343 note
346 4309 379 4342 on
391 4292 439 4342 last
452 4308 522 4357 page.

189 4354 253 4434 {so
265 4358 331 4417 MS;
350 4359 473 4423 probably
489 4358 531 4408 the
548 4357 720 4407 abbreviation
730 4358 817 4409 stands
828 4358 865 4407 ior
877 4358 1070 4423 Responrorium
1081 4358 1225 4419 Gradiuum
1241 4357 1261 4407 it
1270 4372 1359 4408 oocurs

157 4422 384 4553 agngrsllllrgfflrlr
395 4488 417 4537 is
427 4496 472 4537 not
483 4486 510 4537 in
519 4487 575 4539 MS.
