3046 5092
431 347 479 419 ru
496 368 640 420 urcrrnr
658 370 943 421 esur-semron.
1249 376 1295 429 115

554 547 663 630 Super
667 549 834 632 populum.

132 656 225 720 Deus
241 657 298 740 qui
314 658 357 721 ad
373 659 591 723 caelebranda
614 670 690 724 tuae
708 660 864 724 miracula
888 658 1078 723 maiestatis.
1094 666 1170 740 post
1192 676 1297 720 resur-

85 745 268 808 rectionem
285 766 304 807 a
321 748 467 809 mortuis.
483 746 583 810 hodie
606 748 638 809 in
656 745 772 821 caelis†
786 747 945 829 apostolis
963 747 1166 809 asstantibus
1182 763 1295 807 ascen-

84 830 171 892 disti.
183 835 327 895 concede
337 833 432 895 nobis
448 844 525 897 tuae
541 835 673 916 pietatis
682 835 852 897 auxilium.
866 844 902 896 ut
913 836 1095 897 secundum
1112 842 1204 895 tuam
1221 851 1295 912 pro·

87 917 289 981 missionem.
302 929 336 982 et
352 930 388 982 tu
404 922 577 983 nobiscum
594 942 725 1004 semper
741 923 773 984 in
790 922 890 985 terris.
904 930 937 985 et
953 941 1014 984 nos
1030 932 1139 984 tecum
1152 921 1185 982 in
1201 918 1293 982 caelo

86 1004 199 1067 uiuere
216 1026 407 1070 mereamur.
424 1009 480 1089 qui
497 1028 572 1071 cum
589 1019 692 1090 patre.

643 1155 737 1218 Alia.

129 1262 261 1326 Adesto
276 1265 413 1329 domine
427 1266 725 1349 supplicationibus
740 1267 861 1330 nostris
871 1277 907 1329 ut
920 1268 1003 1330 sicut
1019 1265 1155 1329 humani
1165 1266 1293 1346 generis

81 1350 286 1413 saluatorem
311 1356 490 1416 consedere
519 1365 630 1417 tecum
662 1356 694 1416 in
725 1366 782 1417 tua
814 1357 986 1417 maiestate
1013 1354 1218 1416 confidimus,
1246 1353 1293 1414 ita

82 1457 189 1519 usque
204 1439 247 1501 ad
264 1442 584 1504 consummationem
601 1442 722 1505 saeculi
739 1462 871 1504 manere
888 1442 1059 1504 nobiscum
1075 1439 1292 1522 quemadmo-

80 1524 165 1586 rlum
182 1536 233 1587 est
248 1526 414 1607 pollicitus
431 1529 620 1591 sentiamus.
636 1549 697 1611 per
710 1529 863 1592 eundem.
1344 1534 1351 1545 '

645 1673 737 1738 Alia.

126 1780 221 1844 Deus
236 1782 328 1845 cuius
344 1782 430 1847 filius
454 1785 486 1846 in
511 1784 579 1848 alta
602 1785 769 1848 caelorum
786 1794 940 1868 potenter
954 1785 1136 1847 ascendens
1151 1783 1291 1864 captiui-

78 1878 189 1930 tatem
207 1879 354 1932 nostram
371 1892 431 1933 sua
456 1872 553 1934 duxit
578 1873 699 1935 uirtute
723 1873 899 1954 captiuam.
916 1870 1024 1934 tribue
1048 1890 1227 1952 quesumus
1255 1880 1291 1931 ut

76 1956 173 2016 (lona
189 1976 275 2037 quae
291 1959 358 2020 suis
382 1956 613 2040 partilcipibus
637 1960 785 2022 contulit.
802 1959 961 2039 largiatur
986 1969 1020 2022 et
1044 1958 1139 2020 nobis
1164 1955 1221 2039 [lo.
1239 1960 1288 2036 83.

75 2044 170 2105 iesus
185 2043 327 2106 christus
341 2045 497 2108 dominus
513 2056 625 2109 noster
640 2047 696 2128 qui
712 2055 822 2109 tecum
840 2047 929 2108 uiuit.

326 2257 525 2321 Dornurcn
548 2272 637 2322 Posi·
661 2258 868 2321 Ascsusnu
893 2257 1051 2321 Domui.

127 2382 353 2465 Omnipotens
369 2387 568 2467 sempiterne
584 2387 665 2448 deus
690 2386 741 2448 sac
766 2406 827 2448 nos
854 2385 913 2447 tibi
938 2405 1069 2466 semper
1085 2394 1117 2446 et
1133 2384 1290 2447 deuotam

73 2490 197 2553 gerere
212 2471 419 2535 uoluntatem
436 2483 469 2535 et
486 2474 650 2536 maiestati
667 2484 744 2536 tuae
760 2474 887 2534 sincero
902 2474 1001 2535 corde
1017 2471 1145 2534 seruire.
1163 2490 1228 2552 per.

621 2617 758 2681 Secreta.

127 2726 297 2791 Sacrificia
312 2747 373 2791 nos
388 2729 523 2792 domine
539 2727 740 2791 inmaculata
754 2726 936 2811 purificent.
949 2736 982 2789 et
993 2726 1160 2789 mentibus
1172 2727 1292 2788 nostris

72 2834 246 2897 supernae
261 2817 388 2896 gratiae
402 2817 484 2879 dent
500 2818 656 2898 uigorem.
674 2836 738 2898 per.

596 2952 777 3033 Praefatio.

128 3063 180 3127 tf)
195 3083 254 3145 per
268 3063 427 3126 christum
444 3064 617 3128 dominum
635 3076 793 3127 nostrum.
838 3063 904 3146 Qui
927 3062 1038 3145 generi
1054 3061 1201 3124 humano
1216 3082 1291 3124 nas-

72 3151 191 3215 cendo
206 3150 368 3214 subuenit.
385 3172 460 3214 cum
485 3173 542 3233 per
559 3162 699 3214 mortem
724 3151 886 3233 passionis
904 3151 1065 3212 mundum
1087 3149 1216 3212 deuicit.
1233 3169 1291 3229 per

73 3237 224 3320 gloriam
238 3239 482 3300 resurrectionis
495 3240 583 3301 uitae
598 3249 752 3300 aeternae
762 3239 890 3300 aditum
903 3236 1065 3317 patefecit.
1078 3247 1111 3298 et
1122 3256 1181 3316 per
1195 3256 1289 3298 suam

72 3325 312 3388 ascensionem
342 3326 384 3387 ad
416 3324 525 3388 caelos
555 3325 651 3388 nobis
676 3345 770 3407 spem
794 3323 995 3386 ascendendi
1022 3324 1169 3385 donauit.
1230 3324 1292 3386 Per

70 3429 193 3494 quem.

536 3531 600 3594 Ad
608 3530 834 3614 complendum.

124 3639 259 3723 Repleti
275 3641 410 3706 domine
426 3643 616 3706 muneribus
631 3644 740 3707 sacris.
756 3644 801 3706 da
816 3661 996 3724 quesumus
1011 3649 1048 3703 ut
1064 3640 1096 3702 in
1109 3641 1287 3723 gratiarum

71 3748 215 3810 semper
228 3730 360 3793 actione
376 3750 578 3793 maneamus.
594 3750 661 3813 per.

556 3874 589 3938 A
593 3874 621 3938 d
631 3884 804 3955 uarperum.

124 3985 219 4048 Deus
234 3986 305 4049 uita
320 3984 476 4050 fidelium.
489 3986 592 4069 gloria
607 3986 790 4050 humilium.
807 3984 979 4048 beatitudo
995 3985 1165 4048 iustorum.
1178 3985 1287 4066 propi-

69 4076 146 4139 tius
161 4074 292 4151 suscipe
307 4073 565 4156 supplicantium
590 4094 733 4155 praeces.
756 4083 792 4134 ut
815 4074 946 4133 animae
961 4092 1047 4152 quae
1062 4072 1288 4152 promissionis

68 4157 175 4233 tuae†
190 4159 313 4223 sitiunt.
330 4161 372 4223 de
388 4171 446 4227 tua
461 4181 592 4243 semper
606 4159 835 4223 habundantia
850 4159 1045 4241 repleantur.
1062 4179 1127 4240 per.

422 4378 466 4441 Iu
491 4378 646 4443 Urcrrm
669 4377 953 4441 Prsurncosrrru.

124 4503 164 4566 ln
181 4502 301 4568 diebus
316 4505 387 4571 illis.
432 4507 628 4590 Temptauit
643 4506 726 4573 deus
741 4504 909 4569 abraham.
1100 4604 1113 4653 1

1137 4607 1155 4652 2
