3046 5092
483 341 604 390 sABBA
612 342 656 390 ΤΟ
679 342 727 391 ΙΝ
745 341 862 391 ALBIS.

576 524 694 588 Fama
716 524 767 588 Vl

108 640 335 725 Omnipotens
357 643 558 726 sempiterne
580 643 670 707 deus.
695 644 752 726 qui
776 643 951 726 paschalae
973 652 1215 706 sacramentum
1241 642 1272 703 in

62 729 341 792 reconciliationis
357 730 523 793 humanae
539 730 671 793 foedere
694 730 869 794 contulisti.
885 731 929 793 da
952 731 1119 792 mentibus
1142 730 1271 791 nostris.

61 824 98 878 ut
114 818 205 896 quod
222 816 425 898 professione
440 817 673 881 caelebramus.
690 819 859 881 imitemur
873 816 1001 881 effectu.
1017 838 1076 900 per
1090 817 1272 880 dominum.

604 928 739 992 Secreta.

108 1029 246 1092 Hostias
261 1031 397 1094 domine
412 1051 594 1112 quesumus
609 1032 759 1114 placatus
775 1052 907 1095 assume
932 1052 1013 1113 quas
1038 1041 1071 1094 et
1096 1052 1155 1114 pro
1180 1052 1273 1094 rena-

60 1125 177 1264 mill.
189 1118 383 1199 expiatione
398 1121 525 1201 peccati
541 1119 728 1183 deserimus.
744 1129 778 1183 et
793 1140 853 1201 pro
869 1119 1105 1181 acceleratione
1121 1118 1272 1180 caelestis

58 1223 140 1266 auxr
156 1224 187 1265 n.
203 1224 270 1286 per.

577 1318 760 1392 Praesattlr.

105 1420 155 1483 (θ
172 1439 231 1501 per
256 1420 415 1484 christum
432 1420 606 1484 dominum
623 1432 782 1485 nostrum.
829 1418 896 1503 Qui
922 1421 1106 1483 secundum
1131 1418 1270 1501 promis-

61 1507 163 1568 sionis
179 1527 260 1569 suae
275 1507 582 1570 incommutabilem
608 1510 791 1571 ueritatem.
809 1508 959 1571 caelestis
984 1507 1136 1588 pontifex
1164 1507 1270 1569 sactus

60 1594 93 1655 in
110 1602 291 1656 aeternum.
307 1594 397 1657 solus
424 1596 573 1657 omnium
598 1596 807 1658 sacerdotum
832 1596 959 1676 peccati
987 1595 1177 1657 remissione
1201 1613 1267 1654 non

61 1681 161 1761 eguit.
177 1680 235 1742 sed
252 1682 363 1761 potius
379 1692 552 1764 peccatum
570 1683 686 1745 mundi
703 1683 790 1744 idem
807 1701 904 1743 uerus
919 1701 1024 1763 agnus
1037 1681 1197 1744 abstersit.
1211 1700 1269 1761 per

60 1786 161 1848 quem
179 1767 387 1830 maiestatem
404 1777 504 1831 tuam.

517 1880 581 1943 lid
590 1880 812 1963 complendum.

105 1981 248 2063 Respice
263 1982 399 2044 domine
421 1983 582 2065 populum
606 1993 707 2046 tuum.
725 1992 759 2046 et
781 2003 880 2064 quem
904 1984 1045 2046 aeternis
1060 1984 1216 2063 dignatus
1232 2003 1268 2044 es

60 2089 220 2132 renouare
236 2071 402 2151 mysteriis
417 2090 437 2132 a
451 2070 690 2152 temporalibus
705 2071 809 2152 culpis
824 2072 1001 2153 dignanter
1016 2071 1158 2133 absolue.
1175 2090 1241 2151 per.

544 2197 608 2261 Ad
617 2209 788 2280 uesperum.

104 2299 198 2361 Deus
214 2319 272 2380 per
285 2319 385 2381 quem
403 2299 497 2363 nobis
512 2311 545 2363 et
561 2302 745 2383 redemptio
760 2303 858 2365 uenit.
875 2313 908 2365 et
924 2312 1110 2384 praestatur
1124 2301 1260 2382 adoptio

61 2387 186 2468 respice
226 2387 257 2448 in
288 2406 390 2468 opera
420 2388 662 2450 misericordiae
692 2398 777 2452 tuae.
805 2400 841 2452 ut
868 2390 900 2451 in
929 2389 1052 2452 christo
1076 2390 1205 2451 renatis
1232 2399 1266 2451 et

60 2485 197 2535 aeterna
233 2473 397 2537 tribuatur
425 2473 600 2537 hereditas.
630 2484 664 2538 et
701 2496 779 2538 uera
816 2476 959 2540 libertas.
997 2497 1056 2558 per
1092 2476 1264 2538 dominum

60 2568 219 2622 nostrum.

569 2670 632 2734 Ad
640 2672 759 2750 fontes.

102 2773 236 2838 Adesto
250 2793 429 2856 quesumus
445 2774 580 2837 domine
596 2774 739 2838 familiae
756 2786 840 2839 tuae.
857 2786 890 2840 et
914 2777 1090 2858 dignanter
1113 2775 1263 2857 inpendo.

61 2870 96 2924 ut
112 2861 234 2942 quibus
249 2860 324 2924 fidei
340 2862 482 2943 gratiam
499 2862 676 2926 contulisti.
693 2873 726 2926 et
741 2884 898 2927 coronam
916 2864 1062 2946 largiaris
1085 2873 1263 2926 aeternam.

61 2968 119 3030 per
133 2948 307 3011 dominum
326 2958 482 3011 nostrum.

547 3099 773 3187 [Samarol

101 3231 274 3313 lConcede
288 3250 469 3312 quesumus
484 3232 696 3314 omnipotens
711 3233 801 3295 deus.
818 3240 855 3295 ut
870 3232 926 3314 qui
944 3231 1026 3295 festa
1043 3251 1117 3313 pas·
1140 3230 1195 3313 [so
1213 3245 1263 3308 77·

58 3318 167 3381 chalia
181 3318 372 3380 uenerando
387 3318 524 3400 egimus.
539 3339 597 3402 per
612 3318 694 3381 haec
710 3320 901 3401 contingere
916 3321 958 3382 ad
983 3320 1105 3402 gaudia
1132 3327 1265 3381 aeterna

58 3424 253 3469 mereamur.
269 3423 336 3485 per.

595 3517 731 3584 Secreta.

103 3619 261 3684 Concede
278 3640 458 3701 quesumus
473 3620 608 3684 domine
624 3641 754 3703 semper
769 3641 830 3684 nos
847 3642 905 3704 per
919 3620 1000 3684 haec
1021 3621 1177 3702 mysteria
1189 3642 1263 3702 pas-

57 3706 168 3770 chalia
183 3707 348 3788 gratulari.
365 3717 402 3769 ut
417 3709 574 3770 continua
598 3718 728 3770 nostrae
744 3709 959 3788 reparationis
974 3709 1132 3790 operatio.
1149 3728 1264 3789 perpe-

54 3805 138 3861 tuae
154 3793 251 3856 nobis
267 3792 326 3856 fiat
340 3813 440 3858 causa
455 3794 609 3857 laetitiae.
626 3813 684 3875 per
699 3795 883 3859 dominum.

573 3904 756 3985 Praefatae.

101 4010 155 4073 ff)
174 4027 233 4090 per
244 4006 402 4071 christum
419 4007 590 4071 dominum
608 4017 766 4072 nostrum.
784 4008 846 4071 Per
860 4029 960 4090 quern
976 4008 1141 4091 supplices
1157 4008 1263 4089 posci-

53 4117 142 4161 mus.
158 4105 197 4157 ut
211 4095 304 4156 cuius
320 4096 464 4157 muneris
479 4096 600 4177 pignus
615 4096 812 4178 accepimus.
824 4097 998 4159 manifesta
1008 4098 1097 4159 dona
1107 4117 1266 4177 conprae-

50 4182 206 4248 bendere
215 4181 395 4244 ualeamus.
419 4182 464 4245 Et
475 4202 561 4263 quae
573 4181 669 4245 nobis
680 4180 819 4245 fideliter
834 4185 998 4265 speranda
1016 4182 1171 4266 paschale
1186 4203 1264 4244 con·

48 4271 134 4336 tulit
146 4278 400 4333 sacramentum.
412 4288 472 4350 per
481 4269 726 4332 resurrectionis
736 4271 806 4332 eius
815 4271 980 4351 attingere
990 4290 1174 4334 mereamur
1183 4267 1265 4330 ines-

47 4356 158 4422 sabile
175 4355 379 4439 mysterium.
394 4375 454 4437 per
467 4375 577 4437 quem.

412 4503 422 4539 ¹
438 4507 504 4558 This·
511 4507 620 4574 heading
630 4514 721 4559 cannot
733 4525 790 4559 now
801 4508 833 4560 be
845 4510 912 4560 read.
