3046 5092
249 310 329 361 XIII.
359 310 444 360 ΚΑΙ..
473 311 555 361 FEB.
586 312 673 363 NAT.
703 312 750 363 SS.
781 312 944 363 FABIANI
968 313 1025 363 Er
1047 312 1282 365 SEBASTIANI.
1321 324 1367 381 153

703 475 839 542 Secreta.

215 586 329 651 Sancti
345 587 473 651 antonii
489 587 686 651 confessoris
701 590 749 652 tui
765 609 944 671 quesumus
960 589 1095 652 domine
1110 608 1221 652 annua
1237 589 1368 652 sollem-

169 675 282 755 pnitas
313 675 428 756 pietati
459 684 537 737 tuae
574 696 634 738 nos
672 678 790 739 reddat
827 687 989 758 acceptos.
1027 685 1063 739 ut
1094 695 1153 758 per
1181 676 1263 738 haec
1294 676 1368 757 piae

169 761 351 824 oblationis
375 760 493 825 officia.
516 772 550 824 et
574 762 666 825 illum
692 762 791 825 beata
820 764 991 826 retributio
1015 764 1198 826 comitetur.
1223 773 1257 826 et
1273 763 1368 826 nobis

164 849 296 926 gratiae
312 859 390 911 tuae
405 850 494 911 dona
509 849 669 912 conciliet.
686 869 745 931 per
760 850 940 913 domiuum.

621 987 685 1049 Ad
694 987 877 1069 complenda
881 1008 921 1050 m.

213 1089 321 1169 lDeus
338 1088 486 1152 fidelium
503 1100 729 1153 remunerator
752 1091 937 1153 animarum
964 1100 1095 1172 praesta
1120 1099 1156 1153 ut
1201 1089 1257 1173 [lo.
1279 1107 1367 1168 109v.

169 1196 229 1259 per
243 1186 358 1238 sancta
373 1196 459 1257 quae
474 1177 684 1258 sumpsimus.
700 1188 733 1239 et
750 1177 838 1240 beati
854 1179 980 1240 antonii
996 1177 1192 1239 confessoris
1204 1178 1251 1240 tui
1267 1188 1368 1258 atque

167 1262 332 1326 monachi.
349 1263 441 1325 cuius
460 1265 683 1327 uenerandam
708 1264 934 1326 caelebramus
957 1263 1179 1327 festiuitatem.
1197 1264 1368 1346 praecibus

167 1349 410 1431 indulgentiam
426 1370 676 1431 consequamur.
694 1371 753 1433 per
768 1352 942 1414 dominum
959 1362 1117 1414 nostrum.

225 1549 281 1598 xv,
307 1535 398 1598 Knu.
422 1533 531 1596 Frena.
557 1532 714 1595 Nnrncn
739 1533 915 1598 Sanctae
940 1535 1097 1597 Pruscnu
1121 1534 1308 1598 Umomrs.

214 1669 269 1731 Da
284 1686 463 1749 quesumus
479 1666 691 1748 omnipotens
714 1667 802 1729 deus.
827 1677 864 1730 ut
886 1669 942 1749 qui
959 1667 1056 1746 beate
1073 1668 1199 1749 priscae
1215 1668 1369 1748 martyris

163 1767 246 1819 tuae
263 1755 418 1818 natalicia
433 1753 572 1816 colimus
587 1763 621 1816 et
647 1773 758 1816 annua
784 1754 1030 1836 sollempnitate
1050 1755 1212 1817 laetemur
1226 1766 1260 1816 et
1275 1763 1368 1817 tante

165 1843 245 1906 fidei
262 1841 473 1924 proficiamus
489 1839 655 1922 exemplo.
672 1860 737 1922 per.

703 1959 840 2026 Secreta.
852 2045 853 2048 Ἴ

214 2065 337 2128 Hostia
363 2064 499 2127 domine
514 2083 694 2144 quesumus
721 2084 822 2146 quam
848 2065 880 2127 in
909 2074 1099 2127 sanctorum
1124 2073 1257 2126 tuorum
1273 2074 1368 2128 nata-

167 2153 251 2217 liciis
267 2163 476 2215 recensentes
491 2149 669 2213 offerimus,
685 2161 719 2213 et
735 2151 867 2214 uincula
883 2154 1015 2214 nostrae
1031 2152 1204 2234 prauitatis
1216 2151 1368 2214 absoluat

162 2251 199 2303 et
216 2252 295 2304 tuae
312 2239 408 2302 nobis
424 2237 648 2314 misericordie
663 2239 753 2301 dona
768 2239 929 2301 conciliet.
946 2259 1006 2320 per
1021 2240 1203 2301 dominum.

618 2359 680 2421 Ad
689 2359 918 2440 complendum.

210 2464 403 2547 Quesumus
442 2461 578 2525 domine
609 2462 808 2525 salutaribus
840 2462 955 2545 repleti
988 2463 1180 2525 muneribus
1213 2472 1249 2524 ut
1276 2463 1368 2524 cuius

168 2549 369 2632 sollempnia
411 2548 647 2613 caelebramus.
695 2551 764 2612 eius
813 2548 1019 2612 orationibus
1068 2549 1271 2612 adiuuemur.
1309 2569 1368 2631 per

163 2638 348 2702 dominum.

223 2840 320 2890 x1111.
346 2828 436 2892 Knn.
462 2829 570 2891 Frena.
596 2827 832 2892 Sanctorum
858 2829 1013 2891 Mnumr:
1036 2842 1084 2891 Er
1109 2828 1310 2891 Minima.

211 2937 349 3001 Exaudi
376 2940 511 3002 domine
537 2939 698 3021 populum
724 2949 819 3002 tuum
844 2960 919 3003 cum
944 2950 1133 3003 sanctorum
1150 2951 1291 3003 tuorum.
1307 2935 1367 2999 tibi

167 3026 354 3105 patrocinio
379 3025 630 3108 supplicantem.
656 3036 693 3088 ut
723 3027 915 3108 temporalis
940 3028 1029 3090 uitae
1056 3046 1117 3090 nos
1143 3025 1269 3089 tribuas
1285 3043 1366 3106 pace

166 3111 322 3191 gaudere.
337 3122 372 3175 et
388 3122 559 3176 aeternum
577 3113 742 3195 repperire
758 3114 951 3176 subsidium.
968 3134 1034 3196 per.

700 3232 836 3297 Secreta.

210 3336 350 3398 Praeces
365 3335 500 3398 domine
516 3345 648 3399 tuorum
672 3337 797 3419 respice
813 3336 1064 3419 oblationesque
1079 3334 1235 3400 fidelium.
1253 3345 1289 3397 ut
1305 3333 1364 3396 tibi

117 3422 121 3427 ’
165 3432 281 3503 gratae
297 3422 364 3483 sint
380 3443 440 3505 pro
455 3434 588 3486 tuorum
612 3423 792 3487 sestiuitate
819 3441 1018 3487 sanctorum.
1035 3434 1067 3487 et
1083 3422 1178 3486 nobis
1195 3421 1365 3483 conferant

166 3517 244 3571 tuae
259 3509 506 3592 propitiationis
522 3510 695 3573 auxilium.
711 3532 770 3593 per
785 3510 966 3574 dominum.

619 3629 681 3692 Ad
691 3630 916 3710 complendum.

210 3731 411 3796 Sanctorum
442 3743 573 3797 tuorum
609 3733 744 3795 domine
778 3733 1013 3796 intercessione
1044 3733 1203 3816 placatus.
1234 3742 1366 3814 praesta

160 3838 348 3900 quesumus
364 3829 400 3881 ut
416 3839 501 3901 quae
517 3820 693 3903 temporali
717 3819 935 3903 celebrasmus
951 3821 1083 3884 actione
1099 3842 1170 3903 per·
1219 3819 1276 3902 [fo.
1297 3835 1364 3881 110.

159 3916 267 3987 petua
282 3904 468 3968 saluatione
483 3907 662 3988 capiamus
678 3927 744 3988 per.

252 4102 335 4151 x111.
360 4088 452 4153 Knc.
470 4090 578 4154 Faan.
597 4089 753 4241 ΝΑέΑιΕ
777 4090 1013 4155 Snncroauu
1038 4089 1200 4152 Famam
1224 4103 1269 4151 aa

681 4190 888 4241 nunsrmnr.

210 4285 446 4350 Infirmitatem
462 4299 608 4351 nostram
626 4288 751 4370 respice
766 4289 978 4370 omnipotens
994 4289 1084 4351 deus.
1102 4299 1135 4351 et
1146 4288 1224 4369 quia
1235 4288 1364 4369 pondus

154 4375 319 4459 propriae
333 4374 475 4438 actionis
489 4384 619 4457 grauat.
631 4376 719 4438 beati
747 4375 871 4438 fabiani
897 4375 1051 4456 martyris
1075 4374 1122 4437 tui
1139 4390 1239 4454 atque
1255 4376 1363 4456 ponti-

154 4462 240 4527 ficis.
257 4461 451 4525 intercessio
467 4462 611 4544 gloriosa
626 4481 687 4525 nos
702 4471 865 4544 protegat.
881 4481 947 4543 per.
