3046 5092
451 319 480 370 ν.
507 319 586 383 [in]
609 318 712 370 saer.
741 318 829 369 nan
859 320 886 369 s.
917 319 1104 370 concorm.
1336 332 1385 383 209

325 510 371 561 v1.
396 496 619 564 inussisse.
644 498 856 563 Naslurnss
880 497 1057 563 Sanctae
1074 498 1237 561 Maenia.

225 606 509 692 Supplicationem
534 614 717 689 lseruorum
741 620 872 675 tuorum
900 611 982 673 deus
1008 611 1181 674 miserator
1210 611 1266 694 [lo.
1295 628 1384 691 149v.

179 696 311 758 exaudi.
329 705 365 760 ut
380 698 436 778 qui
454 697 486 758 in
499 698 675 760 natiuitate
690 698 744 760 dei
760 698 928 779 genitricis
939 708 973 760 et
989 698 1126 778 uirginis
1143 718 1384 780 congregamur

178 781 249 843 eius
272 783 562 846 intercessionibus
574 782 818 865 complacatust
841 804 861 846 a
886 795 919 847 te
946 787 988 847 de
1013 785 1213 847 instantibus
1230 785 1382 867 periculis

180 888 342 932 eruamur.
359 891 419 952 per
433 871 585 933 eundem.

741 992 832 1055 Alia.

224 1092 372 1155 Famulis
395 1094 460 1156 tuis
483 1095 618 1157 domine
649 1095 800 1156 caelestis
830 1096 956 1175 gratiae
991 1114 1110 1156 munus
1141 1095 1316 1176 impertire.
1344 1104 1381 1156 ut

179 1179 300 1258 quibus
316 1181 433 1243 beatae
449 1182 584 1261 uirginis
601 1191 715 1262 partus
731 1182 845 1244 extitit
866 1181 982 1243 salutis
998 1182 1184 1244 exordium.
1197 1182 1381 1243 natiuitatis

177 1266 401 1413 qiustuotiua
445 1267 673 1349 sollempnitas
719 1268 810 1350 pacis
855 1268 978 1331 tribuat
1024 1268 1276 1330 incrementum.
1322 1288 1381 1349 per

203 1371 359 1417 ominum.

710 1465 845 1528 Secreta.

225 1563 396 1645 Unigeniti
414 1566 461 1627 tui
479 1565 614 1627 domine
631 1565 726 1627 nobis
742 1575 909 1627 succurrat
926 1565 1127 1627 humanitas.
1144 1575 1180 1627 ut
1201 1565 1257 1646 qui
1281 1575 1379 1628 natus

180 1650 222 1712 de
253 1651 380 1732 uirgine
411 1653 525 1715 matris
556 1653 782 1733 integritatem
815 1672 881 1713 non
916 1653 1035 1714 minuit
1066 1653 1123 1714 sed
1156 1653 1306 1715 sacrauit.
1346 1653 1377 1714 in

181 1737 364 1800 natiuitatis
401 1740 471 1801 eius
509 1739 715 1820 sollempniis
753 1760 772 1800 a
811 1739 930 1800 nostris
969 1759 1030 1801 nos
1067 1739 1205 1820 piaculis
1243 1758 1379 1802 exuens

180 1823 382 1887 oblationem
399 1836 547 1888 nostram
564 1826 625 1888 sibi
643 1825 742 1888 faciat
759 1836 940 1906 acceptam.
957 1826 1013 1906 qui
1030 1835 1151 1888 tecum.

691 1945 872 2024 Praefatio,

223 2044 273 2107 tf)
313 2054 445 2106 aeterne
483 2045 572 2107 deus.
621 2044 665 2106 Et
702 2044 879 2125 praecipue
915 2064 975 2125 pro
1007 2044 1131 2105 meritis
1169 2043 1287 2107 beatae
1325 2045 1377 2107 dei

179 2131 354 2210 genetricis
384 2140 418 2192 et
448 2141 627 2212 perpetuae
657 2131 794 2211 uirginis
831 2131 953 2191 mariae
983 2131 1090 2210 gratia
1128 2130 1252 2213 plenae.
1285 2142 1376 2193 tuam

179 2217 458 2298 omnipotentiam
475 2217 609 2279 laudare
626 2217 828 2279 benedicere.
845 2228 877 2279 et
895 2218 1092 2298 praedicare.
1109 2239 1167 2298 per
1182 2238 1290 2298 quem.

625 2353 688 2416 Ad
703 2352 930 2434 complendum.

223 2457 436 2538 Sumpsimus
466 2457 601 2519 domine
631 2456 831 2519 celebritatis
866 2476 995 2519 annuae
1026 2457 1141 2520 uotiua
1164 2467 1377 2519 sacramenta.

178 2554 310 2626 praesta
324 2564 505 2624 quesumus
521 2554 558 2606 ut
574 2553 607 2607 et
620 2543 812 2625 temporalis
823 2544 919 2605 nobis
935 2544 1023 2605 uitae
1034 2545 1180 2607 remedia
1196 2543 1377 2626 praebeant

177 2640 210 2694 et
226 2640 388 2694 aeternae.
405 2651 465 2711 per
480 2631 662 2693 dominum.

241 2815 272 2863 v.
298 2799 401 2863 ΚΑι.ι
426 2800 529 2864 Sars.
556 2800 712 2863 Narnia
734 2800 876 2864 Sascn
901 2799 1094 2864 Gonuoun
1112 2801 1317 2864 Mninrnrs.

222 2922 367 2986 Sanctus
390 2922 524 2985 domine
547 2923 727 3002 gorgonius
751 2940 810 2983 sua
834 2941 895 2982 nos
912 2920 1145 2983 intercessione
1163 2920 1326 2983 laetificet.
1343 2932 1376 2985 et

177 3010 232 3090 pia
247 3008 348 3071 saciat
364 3008 610 3090 sollempnitate
625 3008 778 3088 gaudere.
795 3027 854 3088 per
868 3008 1050 3070 dominum.

711 3122 849 3187 Secreta.

219 3226 325 3292 Grata
354 3228 397 3289 sit
427 3227 487 3289 tibi
517 3227 652 3290 domine
682 3236 814 3288 nostrae
844 3226 1011 3289 seruitutis
1049 3226 1181 3289 oblatio.
1221 3247 1279 3308 pro
1311 3247 1377 3308 qua

174 3325 309 3377 sanctus
325 3315 505 3396 gorgonius
521 3324 647 3394 martyr
663 3314 847 3376 interuenit.
867 3333 932 3395 per.

681 3433 862 3497 Praefatio,

218 3538 268 3601 (θ
308 3547 441 3599 aeterne
478 3538 568 3599 deus.
614 3537 729 3617 Teque
766 3537 798 3597 in
837 3545 1026 3598 sanctorum
1062 3545 1192 3597 tuorum
1231 3536 1375 3598 confess·

166 3624 320 3702 iolnibus
346 3623 487 3685 laudare.
515 3625 547 3685 in
572 3624 663 3685 cuius
694 3623 771 3685 sacti
795 3632 873 3685 sunt
897 3623 1018 3685 uirtute
1049 3623 1197 3685 uictores.
1222 3623 1277 3703 [fo
1307 3638 1372 3702 150.

163 3711 309 3791 quando
321 3711 411 3772 enirn
427 3710 572 3772 humana
589 3709 756 3790 fragilitas.
769 3709 819 3770 uel
837 3710 1024 3791 passionem
1037 3711 1276 3789 aequanimiter
1292 3710 1374 3772 serre

160 3796 345 3859 sufficeret.
362 3796 414 3858 uel
431 3796 535 3859 hostis
552 3798 637 3858 aerei
654 3797 817 3877 nequitias
830 3798 984 3857 uinceret.
1031 3797 1102 3858 Nisi
1120 3806 1197 3858 tuae
1208 3796 1372 3859 firmitatis

156 3883 356 3946 subsidium
375 3884 586 3945 ministrares,
609 3895 643 3945 et
665 3903 765 3945 saeua
788 3882 925 3945 furentis
948 3883 1080 3944 inimici.
1106 3893 1258 3964 potenter
1281 3904 1373 3944 arma

155 3968 392 4043 conterreres†
407 3989 465 4051 per
480 3969 648 4032 christum.

621 4089 683 4151 Ad
700 4088 924 4171 couplendum.

216 4191 393 4256 Familiam
410 4201 502 4255 tuam
519 4193 609 4255 deus.
625 4193 771 4255 suauitas
788 4191 843 4255 illa
859 4193 1031 4273 contingat
1046 4201 1079 4254 et
1096 4201 1236 4273 uegetet.
1256 4213 1321 4273 qua
1338 4193 1369 4254 in

157 4290 318 4362 rnartyre
341 4289 401 4342 tuo
422 4280 592 4361 gorgonio.
616 4278 728 4341 christi
752 4281 799 4342 tui
823 4279 913 4342 bono
943 4280 1061 4361 iugiter
1083 4280 1185 4341 odore
1208 4290 1370 4360 pascatur.

161 4381 231 4445 per
245 4366 420 4430 dominum
437 4374 596 4430 nostrum.

580 4478 587 4512 ¹
606 4481 641 4532 So
652 4482 709 4531 MS.
724 4480 762 4530 sor
772 4496 796 4530 v.
811 4481 876 4530 idus.

213 4551 410 4628 Junuaoas.
1224 4560 1243 4608 Ρ
