3046 5092
575 342 688 393 MISSA
707 343 781 392 PRO
797 340 926 392 AMICO.

633 542 727 603 laen
753 539 861 603 Arm.

200 680 329 743 Adesto
356 678 490 740 domine
516 675 812 759 supplicationibus
837 677 965 739 nostris.
989 686 1022 739 et
1047 676 1132 741 hanc
1156 678 1270 742 famuli
1297 682 1353 743 tui.

156 767 196 830 N.
220 766 423 830 oblationem
447 764 610 845 benignus
633 782 772 825 assume.
796 773 833 825 ut
855 763 911 843 qui
935 764 1096 826 auxilium
1121 778 1197 828 tuae
1222 768 1353 830 misera-

154 855 254 917 tionis
271 851 433 933 implorat.
449 860 483 913 et
509 849 780 913 sanctificationis
805 849 947 930 gratiam
975 849 1100 914 reserat.
1117 861 1150 915 et
1166 853 1256 934 quod
1280 855 1354 935 piae

155 949 329 1023 praecatur
343 937 500 1000 obtineat.
517 957 583 1019 per.

688 1058 825 1120 Secreta.

200 1170 305 1235 Grata
331 1172 373 1232 sit
400 1168 475 1251 tibi[
520 1166 545 1253 ¹]
577 1169 657 1230 haec
688 1167 814 1231 oblatio
845 1167 957 1230 famuli
990 1170 1044 1231 tui.
1085 1170 1125 1232 N.
1164 1191 1264 1252 quam
1296 1173 1354 1235 tibi

157 1258 325 1321 offerimus
350 1258 383 1318 in
408 1255 533 1317 honore
555 1254 644 1317 beati
669 1256 823 1336 martyris
846 1256 902 1317 tui.
919 1255 963 1317 ill.
981 1276 1160 1337 quesumus
1184 1269 1219 1321 ut
1235 1260 1264 1320 ei
1281 1280 1355 1341 pro-

134 1415 137 1419 ·
158 1345 246 1408 ficiat
262 1345 304 1407 ad
321 1343 471 1405 salutem.
488 1362 554 1425 per.

611 1462 675 1525 Ad
684 1462 909 1542 conplendum.

204 1577 379 1640 Famulum
403 1586 506 1638 tuum.
540 1576 579 1638 N.
610 1594 789 1656 quesumus
819 1575 955 1637 domine
985 1596 1142 1657 corporae
1173 1579 1295 1658 pariter
1325 1591 1357 1642 et

159 1674 272 1727 mente
297 1661 440 1745 purifica.
457 1673 493 1724 ut
518 1672 574 1724 tua
599 1661 815 1742 inspiratione
839 1672 1057 1743 compunctus
1079 1664 1198 1725 noxias
1214 1665 1358 1728 delecta·

158 1753 267 1814 tiones
283 1751 387 1813 uitare
403 1748 601 1831 praeualeat.
619 1768 684 1829 per.

633 1932 727 1994 lrssnr
751 1932 858 1995 Arm.

206 2065 299 2127 Deus
314 2064 365 2126 cui
383 2071 520 2144 accepta
542 2073 619 2124 sunt
642 2071 721 2124 uota
746 2062 796 2124 cui
823 2081 960 2123 munera
975 2072 1009 2123 te
1025 2082 1211 2124 exoramus.
1228 2073 1264 2124 ut
1282 2073 1359 2124 uota

161 2152 247 2214 serui
271 2151 326 2213 tui.
353 2151 393 2213 N.
417 2150 594 2230 dignanter
616 2149 766 2229 accipias.
790 2148 897 2210 tribue
920 2149 948 2209 ei
973 2149 1106 2210 diuitias
1125 2150 1251 2230 gratiae
1274 2159 1359 2210 tuae.

161 2251 195 2302 et
211 2238 255 2300 ab
270 2235 423 2299 omnibus
439 2235 591 2317 periculis
607 2253 682 2298 eum
711 2235 838 2297 liberari
865 2234 977 2296 iubeas
1002 2236 1122 2297 tuearis
1139 2256 1176 2297 ac
1193 2235 1360 2298 defendas.

163 2334 319 2407 protegas
335 2332 368 2384 et
385 2322 558 2385 consortes.
576 2321 692 2384 diebus
715 2341 753 2383 ac
779 2321 938 2383 noctibus.
956 2321 1043 2383 horis
1067 2331 1166 2403 atque
1183 2324 1361 2385 momentis

162 2413 206 2473 da
222 2412 251 2473 ei
268 2410 429 2472 auxilium
456 2419 556 2490 atque
583 2408 790 2491 praesidium.
817 2409 912 2470 iuxta
938 2409 1166 2489 euangelicam
1183 2429 1307 2471 uocem.
1325 2420 1361 2471 ut

163 2499 252 2579 quod
271 2497 354 2579 petit
384 2496 540 2559 obtineat
557 2505 591 2558 et
621 2495 710 2576 quod
739 2496 894 2576 impetrat
921 2506 1088 2574 agnoscat.
1105 2516 1164 2574 per
1187 2496 1360 2557 dominum

164 2596 322 2647 nostrum.

696 2703 833 2765 Secreta.

208 2814 370 2897 lDomine
401 2814 456 2895 qui
488 2834 546 2894 per
575 2834 612 2875 os
643 2813 744 2876 dauid
775 2812 904 2875 locutus
934 2833 977 2874 es.
1005 2824 1126 2876 uouete
1156 2825 1189 2878 et
1220 2815 1275 2896 [lo
1298 2818 1363 2894 185.

167 2901 294 2964 reddite
309 2900 446 2963 domino
469 2900 533 2962 deo
556 2909 674 2961 uestro.
692 2910 724 2961 te
740 2900 932 2980 suppliciter
947 2920 1133 2962 exoramus
1152 2912 1187 2963 ut
1204 2902 1363 2964 famulum

165 2999 259 3050 tuum
273 2987 319 3049 ill.
332 2987 525 3068 uigilantem
539 2987 714 3050 custodias.
728 2987 949 3048 dormientem
966 3006 1148 3049 conserues.
1161 2988 1363 3050 oblationem

167 3094 266 3156 quam
295 3072 354 3135 tibi
386 3094 445 3155 pro
469 3093 510 3135 eo
533 3072 700 3135 offerimus
731 3072 910 3135 clementer
940 3073 1090 3154 accipias.
1118 3076 1279 3137 accendas
1310 3096 1366 3137 cor

167 3159 280 3223 famuli
311 3160 368 3222 tui.
405 3160 445 3222 N.
480 3161 557 3242 igne
587 3160 709 3221 amoris
740 3180 778 3221 ac
808 3160 943 3222 timoris
975 3159 1026 3221 uel
1058 3160 1210 3223 desiderii
1242 3162 1297 3223 tui.
1330 3171 1366 3223 ut

167 3246 425 3329 patriarcharum
441 3245 599 3328 exempla
614 3247 768 3308 imitetur.
784 3266 849 3327 per.

621 3381 684 3444 Ad
694 3382 918 3462 complendum.

211 3494 305 3557 Deus
336 3495 391 3575 qui
418 3513 453 3556 es
483 3494 613 3556 initium
641 3503 674 3555 et
705 3492 787 3555 linis.
813 3496 957 3556 concede
989 3496 1245 3558 misericordiam
1273 3507 1365 3558 tuam

171 3580 293 3644 famulo
308 3590 375 3642 tu0.
392 3581 436 3643 ill.
454 3589 490 3642 ut
506 3579 568 3642 sub
583 3600 647 3662 ope
670 3580 828 3642 dexterae
855 3592 932 3643 tuae
958 3602 1034 3644 eum
1060 3581 1181 3664 ubique
1203 3592 1366 3664 protegas.

171 3677 202 3729 et
219 3669 314 3730 mitte
329 3667 359 3729 ei
376 3666 537 3729 auxilium
554 3667 596 3729 de
611 3676 727 3729 sancto
750 3676 783 3729 et
806 3667 848 3729 de
871 3669 942 3729 sion
964 3678 1056 3731 tuere
1071 3689 1155 3731 eum.
1173 3679 1205 3731 et
1222 3689 1307 3750 auge
1322 3669 1367 3730 illi

173 3752 334 3817 felleitatis
358 3762 517 3835 tempora.
543 3753 586 3815 da
612 3754 641 3815 ei
667 3754 771 3815 uitam
797 3753 981 3836 longeuam.
1008 3756 1063 3836 qui
1088 3757 1239 3818 ezechiae
1263 3776 1368 3817 annos

173 3841 300 3904 auxisti.
317 3850 350 3902 et
366 3839 473 3902 tribue
489 3840 518 3902 ei
535 3840 671 3902 domine
697 3841 839 3921 gratiam
868 3851 958 3903 tuam
977 3852 1009 3904 et
1027 3841 1100 3904 dele
1123 3843 1366 3924 cyrographum

174 3937 379 4007 peccatorum
397 3946 539 3989 suorum.
556 3946 614 4008 per
630 3926 811 3989 dominum.

460 4112 577 4175 Mrssa
603 4125 672 4174 mo
696 4110 824 4175 Amco
849 4126 923 4176 um
946 4112 1081 4176 Ainea.

213 4240 437 4322 Omnipotens
464 4241 665 4322 sempiterne
691 4240 773 4303 deus
801 4242 953 4303 miserere
979 4240 1122 4303 famulae
1149 4251 1233 4303 tuae.
1266 4242 1306 4304 N.
1338 4252 1371 4305 et

174 4325 274 4409 dirige
289 4346 364 4390 eam
381 4329 563 4390 secundum
587 4336 679 4389 tuam
696 4327 906 4390 clementiam
925 4328 956 4389 in
973 4328 1061 4390 uiam
1078 4327 1193 4390 salutis
1208 4338 1370 4391 aeternae.

205 4441 211 4473 ¹
228 4446 312 4496 There
322 4445 345 4495 is
356 4461 388 4494 an
399 4461 497 4495 amre
508 4445 561 4495 ola
572 4445 619 4495 lew
631 4446 716 4495 letters
727 4448 753 4494 in
765 4446 807 4495 the
820 4446 876 4496 MS.
887 4458 912 4496 at
925 4446 974 4496 this
983 4446 1062 4511 point.
1099 4447 1223 4512 Probably
1235 4448 1277 4497 the
1287 4448 1371 4497 words

174 4509 260 4560 should
272 4511 305 4562 be
316 4511 367 4559 ribi
375 4512 480 4561 dominc.
