3046 5092
444 341 492 392 IN
508 341 652 393 UIGILIA
670 339 925 390 Ascamtloms.

535 536 568 600 A
572 537 600 599 d
608 535 834 617 complendum.

125 648 308 730 Propitiare
333 648 469 712 domine
500 648 729 729 iniquitatibus
759 648 888 710 nostris.
904 647 1024 728 quibus
1046 642 1223 725 affligimur
1252 651 1286 703 et

78 735 259 798 exorabilis
282 736 348 798 tuis
363 746 435 798 esto
451 735 662 818 supplicibus,
679 745 715 797 ut
731 754 887 797 concessa
909 734 1007 796 uenia
1029 751 1130 813 quam
1153 748 1286 811 praeca-

79 842 160 884 mur.
177 833 357 905 perpetuae
374 823 616 885 misericordiae
630 834 708 885 tuae
724 841 859 883 munere
873 820 1059 902 gloriemur.
1077 838 1142 900 per.

546 971 654 1053 Super
659 971 824 1053 populum.

126 1081 261 1146 Exaudi
277 1083 413 1146 domine
429 1085 590 1164 gemitum
610 1083 724 1166 populi
749 1084 804 1146 tui.
822 1103 883 1145 nec
907 1082 981 1164 plus
1009 1080 1097 1162 apud
1122 1089 1155 1142 te
1176 1077 1286 1140 ualeat

80 1167 223 1232 offensio
249 1172 522 1252 delinquentium.
546 1191 648 1252 quam
674 1170 895 1233 misericordia
919 1180 978 1232 tua
1004 1167 1132 1231 indulta
1156 1165 1286 1228 fletibus

78 1256 350 1338 supplicantium.
366 1278 425 1339 per
440 1258 613 1320 dominum
631 1267 789 1321 nostrum.

550 1462 594 1525 In
619 1461 718 1525 Ama
743 1462 826 1525 Dns.

128 1590 221 1652 Deus
238 1591 400 1673 refugium
418 1610 610 1673 pauperum.
627 1610 702 1672 spes
719 1590 891 1653 humilium
909 1590 1064 1671 salusque
1082 1591 1288 1653 miserorum.

77 1677 342 1760 supplicationes
358 1679 472 1760 populi
483 1678 531 1740 tui
544 1677 723 1740 clementer
734 1678 857 1740 exaudi
875 1687 910 1739 ut
926 1692 1023 1759 quos!¹
1038 1678 1128 1739 iusti·
1142 1675 1197 1763 [fo.
1215 1681 1288 1740 δον.

78 1766 131 1913 pia
147 1763 320 1827 uerberum
337 1763 570 1828 lecitafflictos.
582 1764 812 1828 habundantia
822 1765 1041 1827 remediorum
1059 1765 1157 1827 iaciat
1173 1784 1288 1826 conso-

92 1861 177 1914 atos
194 1871 260 1933 per.

619 1987 756 2052 Secreta.

128 2098 305 2164 Sacrificiis
320 2098 456 2162 domine
472 2098 622 2181 placatus
638 2098 766 2161 oblatis.
776 2118 876 2182 opem
893 2108 984 2161 tuam
997 2099 1118 2161 nostris
1134 2100 1289 2180 tempori-

78 2186 148 2249 bus
164 2186 344 2249 clementer
359 2187 512 2268 inpende.
528 2206 596 2267 per.

597 2323 778 2403 Praefatio.

129 2435 181 2499 (b
196 2444 329 2498 aeterne
348 2434 440 2498 deus.
487 2434 536 2499 Ut
557 2436 635 2516 quia
651 2436 698 2498 tui
715 2445 765 2498 est
781 2436 889 2517 operis
905 2435 931 2496 si
948 2434 1036 2516 quod
1054 2434 1113 2498 tibi
1130 2435 1289 2517 placitum

77 2533 143 2585 est
162 2533 220 2584 aut
234 2524 419 2604 cogitemus
435 2532 493 2584 aut
515 2541 662 2603 agamus.
708 2522 761 2584 Tu
779 2521 873 2585 nobis
889 2542 1019 2604 semper
1033 2532 1066 2584 et
1083 2522 1288 2605 intelligendi

75 2628 173 2692 quae
188 2619 277 2672 recta
292 2619 380 2671 sunt.
395 2620 429 2672 et
445 2610 632 2690 exequendi
648 2608 774 2673 tribuas
789 2608 989 2672 facultatem.
1006 2629 1064 2690 per
1080 2608 1246 2672 christum.

540 2744 572 2807 Α
576 2744 603 2806 d
611 2745 837 2827 complendum.

131 2855 273 2919 Purifica
287 2877 467 2939 quesumus
483 2857 617 2920 domine
633 2867 764 2921 tuorum
781 2857 881 2919 corda
902 2854 1058 2918 fidelium.
1074 2865 1110 2918 ut
1126 2878 1145 2919 a
1162 2866 1291 2920 terrena

75 2944 269 3026 cupiditate
287 2945 437 3008 mundati
453 2954 486 3006 et
503 2945 684 3026 praesentis
700 2945 789 3006 uitae
806 2943 957 3025 periculis
972 2955 1140 3006 exuantur
1162 2955 1196 3006 et
1219 2965 1290 3026 per-

75 3031 196 3116 petuis
211 3031 307 3094 donis
323 3031 502 3095 firmentur.
517 3052 577 3114 per
592 3032 764 3093 dominum
781 3041 939 3093 nostrum.

551 3175 659 3257 Super
664 3177 827 3257 populum.

132 3286 290 3351 Miserere
307 3287 371 3349 iam
388 3306 568 3368 quesumus
584 3289 719 3350 domine
744 3287 966 3349 intercedente
984 3286 1083 3350 beata
1099 3296 1133 3349 et
1148 3287 1291 3369 gloriosa

77 3394 283 3456 semperque
299 3375 426 3455 uirgine
441 3375 494 3437 dei
518 3376 686 3454 genetrice
710 3376 814 3437 maria
836 3375 961 3456 populo
982 3384 1049 3436 tuo.
1070 3384 1103 3436 et
1127 3376 1291 3437 continuis

76 3460 354 3527 tribulationibus
370 3461 585 3524 laborantem.
602 3461 719 3524 caeleri
735 3462 970 3543 propitiatione
987 3460 1134 3523 laetifica.
1152 3482 1217 3543 per.

349 3669 394 3731 ln
420 3668 574 3734 U1c1a1n
598 3669 850 3733 Ascausroms
874 3666 1032 3732 Donum.

130 3796 255 3860 Tribue
284 3817 465 3879 quesumus
504 3799 716 3880 omnipotens
746 3798 827 3860 deus
858 3806 895 3860 ut
929 3818 1065 3861 munere
1103 3798 1290 3862 lestiuitatis

76 3885 267 3949 hodiernae
288 3886 365 3946 illuc
391 3883 531 3947 filiorum
560 3895 692 3947 tuorum
719 3885 880 3966 dirigatur
903 3885 1053 3947 intentio.
1078 3906 1144 3967 quo
1168 3887 1201 3948 in
1232 3897 1291 3948 tuo

76 3972 260 4054 unigenito
275 3981 384 4034 tecum
402 3982 452 4034 est
468 3982 581 4035 nostra
596 3973 789 4035 substantia.
806 3973 861 4052 qui
879 3982 988 4033 tecum
1005 3973 1095 4034 uiuit.

622 4117 757 4180 Secreta.

128 4225 335 4292 Sacrificium
367 4227 502 4291 domine
531 4249 591 4311 pro
621 4227 678 4291 lilii
713 4229 760 4291 tui
792 4228 957 4310 supplices
987 4228 1166 4292 uenerabili
1203 4250 1290 4291 nunc

76 4314 279 4379 ascensione
293 4313 480 4378 deserimus.
495 4326 627 4397 praesta
642 4335 821 4398 quesumus
837 4326 873 4377 ut
890 4325 922 4378 et
947 4336 1007 4378 nos
1034 4337 1093 4397 per
1117 4317 1223 4398 ipsum
1241 4316 1292 4379 his

76 4400 293 4466 commerciis
315 4404 532 4467 sacrosanctis
548 4403 591 4466 ad
607 4403 761 4466 caelestia
778 4422 1023 4483 consurgamus.
1040 4423 1100 4486 per
1116 4403 1290 4466 dominum

77 4497 246 4553 nostrum.

123 4577 325 4656 Juanaoas.
1150 4589 1161 4637 1
