3046 5092
445 243 533 293 NAT.
562 243 713 296 DOMINI.
761 244 816 295 AD
839 244 866 294 S.
894 241 1060 294 PEYRUM.

665 445 848 527 Praefatio.

203 558 252 622 (D
274 566 429 622 aeternae
464 557 555 623 deus.
619 557 708 641 Quia
731 559 833 622 nostri
857 557 1031 622 saluatoris
1064 555 1164 620 hodie
1195 555 1255 619 lux
1278 575 1358 619 uera

157 646 325 726 processit.
349 666 435 727 quae
457 646 546 709 clara
568 647 665 710 nobis
686 648 799 710 omnia
821 657 855 710 et
878 645 1047 710 intellectu
1075 643 1300 708 manifestauit
1322 653 1357 706 et

158 732 238 795 uisu.
254 742 288 796 et
304 734 379 797 ideo
395 753 470 796 cum
487 733 621 816 angelis.

609 893 641 955 A
645 892 672 955 d
682 890 907 972 complendum.

202 999 338 1065 Satiasti
349 1004 483 1066 domine
493 1003 652 1067 familiam
663 1015 755 1069 tuam
767 1003 959 1067 muneribus
975 1003 1075 1065 sacris
1090 1002 1160 1064 eius
1176 1019 1357 1082 quesumus

156 1108 288 1170 semper
307 1090 549 1154 interuentione
566 1110 626 1154 nos
642 1092 762 1155 resoue.
786 1092 878 1154 cuius
900 1089 1098 1172 sollempnia
1121 1088 1356 1151 caelebramus.

156 1195 216 1256 per
231 1177 413 1242 dominum.

603 1287 666 1350 Ad
675 1288 902 1369 complendum.

203 1398 312 1461 Huius
343 1420 403 1463 nos
433 1400 569 1463 domine
602 1420 782 1481 quesumus
819 1398 1018 1463 sacramenti
1056 1418 1186 1480 semper
1222 1397 1357 1460 nouitas

157 1486 277 1549 natalis
308 1487 475 1550 instauret
509 1487 602 1550 cuius
625 1488 782 1551 natiuitas
805 1487 981 1570 singularis
1007 1486 1189 1549 humanam
1210 1484 1359 1567 reppulit

156 1583 368 1637 uetustatem.
384 1595 443 1656 per
459 1575 625 1638 eundem.l

270 1757 334 1844 (Iu
358 1761 505 1825 Nasam
529 1762 752 1827 Domuum)
776 1760 963 1827 Snucruu
988 1761 1160 1824 Parnon.
1204 1757 1261 1841 [so.
1281 1776 1356 1840 33v.

199 1896 355 1961 Concede
387 1919 568 1980 quesumus
601 1901 815 1982 omnipotens
841 1900 930 1963 deus.
958 1908 995 1962 ut
1026 1919 1087 1962 nos
1114 1896 1275 1980 unigeniti
1307 1897 1356 1961 tui

155 2003 241 2045 noua
259 2005 317 2066 per
332 2005 464 2048 carnem
482 1987 639 2048 natiuitas
659 1987 785 2051 liberet.
801 2007 886 2069 quos
900 1987 963 2050 sub
978 1984 1106 2069 peccati
1125 1985 1203 2068 iugo
1221 1994 1357 2048 uetusta

155 2072 296 2134 seruitus
312 2081 411 2135 tenet.
428 2093 487 2155 per
503 2073 655 2136 eundem.

688 2209 824 2274 Secreta

198 2330 323 2396 Oblata
339 2332 474 2395 domine
491 2351 627 2395 munera
643 2353 731 2395 noua
746 2332 909 2414 unigeniti
925 2333 972 2395 tui
989 2332 1165 2395 natiuitate
1176 2329 1356 2394 sanctifica.

153 2439 280 2500 nosque
296 2439 354 2500 per
369 2422 451 2481 haec
472 2439 492 2481 a
515 2429 727 2501 peccatorum
752 2432 938 2483 nostrorum
964 2418 1100 2482 maculis
1119 2419 1274 2481 emunda
1298 2439 1357 2501 per

152 2508 304 2568 eundem.

663 2618 846 2698 Praefatae.

196 2745 245 2808 (D
269 2765 327 2826 per
351 2744 509 2806 christum
534 2745 706 2808 dominum
735 2756 893 2809 nostrum.
950 2744 1051 2809 Cuius
1083 2744 1216 2807 diuinae
1237 2743 1357 2805 natiui-

153 2833 232 2893 tatis
259 2832 443 2912 potentiam
468 2833 615 2912 ingenita
635 2834 765 2895 uirtutis
788 2844 865 2894 tuae
888 2833 1002 2913 genuit
1026 2831 1230 2912 magnitudo.
1254 2850 1356 2911 quem

153 2939 283 2999 semper
308 2917 412 2979 filium
439 2929 473 2980 et
500 2929 577 2980 ante
593 2929 742 3000 tempora
760 2930 893 2981 aeterna
911 2920 1068 3000 genitum.
1085 2919 1163 2999 quia
1179 2917 1239 2980 tibi
1256 2918 1358 2999 pleno

153 3015 253 3085 atque
277 3004 424 3085 perlecto
440 3006 564 3066 aeterni
580 3007 683 3086 patris
700 3026 765 3068 non
783 3007 887 3067 deluit
911 3005 1148 3087 praedicamus
1173 3015 1206 3067 et
1231 3005 1358 3067 honore

155 3094 328 3153 maiestate
344 3102 443 3171 atque
463 3093 584 3153 uirtute
604 3093 776 3172 aequalem
795 3093 854 3154 tibi
878 3112 952 3154 curn
977 3104 1093 3156 sancto
1117 3093 1233 3174 spiritu
1258 3091 1360 3173 proli·

153 3189 270 3241 tcmur.
294 3187 327 3241 et
353 3179 384 3239 in
411 3179 497 3240 trino
522 3179 685 3241 uocabulo
712 3181 842 3241 unicam
874 3179 1040 3241 credimus
1071 3180 1293 3242 maiestatem.
1323 3188 1360 3241 et

154 3266 237 3328 ideo,

595 3376 708 3460 [Infra
723 3377 918 3460 actionemP

196 3499 491 3563 Communicantes
522 3509 555 3563 et
592 3501 679 3562 diem
719 3502 977 3563 sacratissimum
1016 3499 1252 3562 caelebrantes.
1290 3521 1361 3581 quo

153 3587 273 3649 beatae
304 3587 428 3649 mariae
460 3589 656 3650 intemerata
688 3588 867 3668 uirginitas.
897 3588 971 3649 huic
999 3588 1126 3649 mundo
1156 3587 1263 3650 edidit
1295 3589 1361 3651 sal-

152 3684 310 3736 uatorem.
327 3675 385 3736 sed
402 3684 436 3736 et
453 3675 646 3736 memoriam
664 3687 867 3739 uenerantes,

606 3837 668 3899 Ad
679 3837 903 3918 complendum.

196 3957 331 4018 Praesta
361 3976 540 4036 quesumus
566 3957 777 4038 omnipotens
800 3958 882 4019 deus
906 3966 943 4020 ut
967 3966 1063 4019 natus
1086 3956 1187 4020 hodie
1211 3958 1364 4024 saluator

153 4043 276 4104 mundi.
303 4044 388 4105 sicut
413 4041 545 4104 diuinae
572 4043 667 4106 nobis
690 4045 912 4125 generationis
943 4055 993 4106 est
1023 4053 1146 4106 auctor.
1174 4045 1222 4108 ita
1248 4057 1284 4110 et
1315 4050 1364 4111 in-

154 4130 363 4191 mortalitatis
380 4131 423 4192 sit
439 4131 509 4210 ipse
525 4129 670 4211 largitor.
687 4132 743 4211 qui
760 4142 869 4194 tecum
887 4132 976 4193 uiuit.

152 4349 161 4396 Ι
185 4280 347 4404 ¹'lilrenvqrso
358 4282 386 4329 ol
391 4281 423 4330 lo.
435 4295 464 4342 32
475 4283 524 4330 and
537 4290 604 4331 recto
615 4283 643 4330 ol
652 4282 684 4331 fo.
701 4296 731 4346 33
744 4300 785 4333 are
797 4282 916 4348 occupied
929 4285 962 4348 by
973 4283 1161 4334 illuminatione
1201 4287 1262 4346 (See
1278 4288 1364 4339 Plates

167 4364 217 4395 ‚an
284 4385 289 4395 .

182 4412 191 4441 ²
208 4413 269 4461 Tlris
282 4412 389 4476 heading
401 4413 444 4461 has
455 4414 545 4462 almost
558 4413 728 4474 disappeared.
