3046 5092
162 264 209 319 ιφ
449 253 526 306 xus.
556 254 641 306 rrae.
672 254 755 307 aaa.
781 255 869 307 aaa
898 254 1070 309 Μυκη.

615 431 913 515 Adcomplendm

207 546 309 610 Adsit
349 544 495 628 petimus
543 542 802 609 clementissime
847 547 931 611 deus
976 546 1054 611 huic
1095 546 1245 613 familiae
1282 558 1360 615 tuae

164 632 384 697 miserationis
402 631 603 714 propitiatio,
628 642 663 695 et
688 633 779 696 beati
803 631 1000 697 confessoris
1024 634 1074 699 tui
1098 643 1203 719 atque
1228 636 1361 703 abbatis

163 719 268 783 mauri
293 718 527 783 intercessione
556 718 638 782 haec
667 728 785 782 sancta
813 738 900 801 quae
928 720 1056 804 indigni
1085 722 1293 806 sumpsimus
1316 724 1359 789 ad

160 806 302 870 salutem
319 824 390 869 esse
404 804 559 869 concede.
575 825 635 887 per
648 805 834 869 dominum.

635 942 698 1007 Ad
707 953 880 1025 mmm.

206 1054 361 1119 Inmens'e
383 1054 518 1137 pietatis
540 1064 618 1118 tuae
639 1053 835 1130 clementiat
855 1074 1036 1138 quesumus
1058 1056 1175 1121 diuina
1194 1060 1357 1125 maiestas

161 1154 198 1208 ut
214 1143 270 1225 qui
285 1160 398 1205 annua
412 1141 501 1204 beati
518 1141 623 1204 mauri
646 1140 844 1205 confessoris
865 1142 914 1206 tui
936 1151 1039 1225 atque
1052 1144 1187 1207 abbatis
1202 1146 1359 1233 sollemp-

160 1233 216 1295 nia
245 1227 479 1292 caelebramus.
516 1228 587 1290 eius
623 1228 851 1311 optinentibus
888 1230 1013 1293 meritis
1050 1231 1288 1313 perueniamus
1316 1236 1358 1301 ad

159 1317 282 1403 gaudia
297 1315 503 1399 repromissa.
519 1335 578 1397 per
592 1314 767 1379 dominum
783 1325 942 1380 nostrum.

189 1517 278 1568 xvn
303 1502 395 1567 Kar..
419 1500 528 1569 Fuun.
552 1499 710 1563 Narona
733 1496 874 1565 Snucn
897 1498 1095 1563 Mmcamr
1120 1501 1331 1570 Mannums

202 1625 339 1688 Praeces
365 1618 480 1704 populi
506 1619 555 1683 tui
585 1638 766 1700 quesumus
795 1618 932 1683 domine
953 1619 1136 1684 clementer
1158 1624 1294 1688 exaudi
1320 1632 1356 1689 ut

157 1711 247 1776 beati
271 1707 415 1773 marcelli
440 1706 594 1789 martyris
616 1706 665 1769 tui
688 1716 789 1787 atque
811 1704 977 1788 pontificis
1000 1708 1127 1771 meritis
1150 1709 1354 1777 adiuuemus.

154 1800 248 1863 cuius
263 1797 418 1881 passione
432 1793 603 1857 laetamur.
619 1813 679 1875 per
693 1792 877 1857 dominum.

687 1930 824 1995 Secreta

200 2046 340 2128 Suscipe
361 2063 542 2127 quesumus
568 2042 704 2107 domine
727 2062 864 2107 munera
886 2042 1065 2126 dignanter
1085 2044 1203 2109 oblata
1216 2055 1252 2111 et
1267 2046 1351 2113 beati

81 2120 85 2131 '
156 2132 302 2197 marcelli
319 2130 474 2213 martyris
495 2130 543 2194 tui
567 2139 668 2213 atque
689 2128 856 2212 pontificis
878 2128 1137 2213 suffragantibus
1161 2133 1296 2199 meritis
1310 2134 1349 2199 ad

156 2230 289 2285 nostrae
304 2219 421 2282 salutis
436 2216 599 2282 auxilium
616 2217 791 2301 prouenire
805 2217 959 2281 concede.
975 2237 1033 2301 per
1048 2218 1235 2285 dominum.

673 2354 855 2436 Praefatae.

199 2472 248 2534 (i)
287 2479 419 2533 aeterne
449 2469 539 2531 deus.
594 2466 662 2549 Qui
693 2466 885 2550 glorificaris
916 2468 949 2531 in
981 2476 1113 2531 tuorum
1144 2468 1345 2535 confessione

156 2567 353 2620 sanctorum.
385 2566 418 2618 et
443 2576 507 2617 non
532 2554 640 2618 solum
664 2554 953 2619 excellentioribus
976 2555 1155 2638 [praemiis.
1203 2557 1258 2639 [so.
1287 2575 1343 2637 109.

156 2656 338 2726 martyrum
363 2654 495 2706 tuorum
521 2643 637 2704 merita
660 2641 804 2722 gloriosa
826 2642 1041 2724 prosequeris,
1065 2643 1123 2705 sed
1140 2644 1244 2707 etiarn
1260 2664 1343 2708 sacro

155 2732 336 2795 ministerio
359 2730 625 2811 competentibus
648 2729 790 2791 seruitiis
812 2739 1024 2811 exequentes.
1048 2730 1210 2810 gaudium
1227 2730 1342 2795 domini

152 2821 202 2881 sui
218 2819 335 2881 tribuis
351 2819 479 2879 intrare.
497 2836 554 2899 per
569 2815 737 2877 christum.

606 2953 669 3015 Ad
679 2953 903 3032 complendum.

199 3067 334 3130 Satiasti
379 3065 514 3127 domine
558 3064 717 3127 familiam
762 3076 853 3128 tuam
900 3067 1091 3128 muneribus
1136 3068 1246 3131 sacris.
1283 3069 1342 3131 eius

154 3173 334 3236 quesumus
365 3171 495 3232 semper
525 3152 768 3214 interuentione
800 3173 860 3215 nos
890 3152 1001 3215 refoue
1032 3154 1125 3217 cuius
1155 3153 1343 3238 sollempnia

153 3241 386 3303 caelebramus.
403 3258 461 3321 per
475 3239 657 3302 dominum.

373 3443 445 3491 xvi.
471 3429 561 3492 Knn.
588 3431 693 3492 Fran.
722 3430 926 3494 DEPOSITlo
951 3430 1131 3495 Aurouu.

200 3550 291 3613 Deus
316 3550 473 3612 bonitatis
497 3561 618 3613 auctor.
643 3562 676 3614 et
700 3551 862 3614 bonorum
886 3552 1034 3614 omnium
1058 3552 1278 3634 dispensator.
1296 3555 1347 3637 qui

156 3637 351 3719 temporalia
376 3637 464 3700 bona
484 3657 542 3718 per
566 3638 822 3700 misericordiam
839 3648 931 3700 tuam
948 3639 1047 3700 etiam
1065 3659 1131 3701 non
1149 3642 1350 3705 merentibus

156 3726 269 3787 donas.
301 3734 334 3786 et
364 3734 498 3786 aeterna
533 3746 591 3806 per
628 3725 786 3787 iustitiam
824 3735 918 3787 tuam
957 3746 1023 3786 non
1054 3726 1116 3788 nisi
1149 3730 1351 3793 merentibus

64 3819 66 3822 ’
156 3831 384 3892 reconpensas.
398 3812 461 3873 ista
477 3812 641 3893 deputans
657 3811 818 3874 beneficio
833 3811 889 3873 illa
899 3812 1027 3874 iudicio.
1039 3832 1081 3874 ne
1091 3823 1149 3875 aut
1162 3814 1351 3896 largitatem

155 3919 249 3961 suam
266 3899 380 3961 diuina
395 3898 582 3979 benignitas
604 3899 788 3962 minoraret.
805 3899 831 3961 si
848 3920 868 3961 a
883 3898 1091 3981 presentibus
1106 3900 1204 3964 donis
1221 3923 1354 3985 seques·

156 3996 321 4048 trarentur
367 3986 494 4066 ingrati.
532 3995 590 4049 aut
639 3986 894 4048 sollicitudinem
942 3986 1094 4067 placendi
1144 3988 1354 4055 incuriositas

156 4072 303 4135 humana
319 4072 516 4153 neglegeret.
533 4073 559 4134 si
577 4074 618 4135 ad
643 4072 751 4135 futura
774 4073 923 4155 praemia
945 4074 1200 4137 admitterentur
1216 4076 1355 4160 indigni.

160 4159 259 4223 Unde
285 4179 345 4221 nos
368 4160 502 4222 domine
527 4160 569 4222 ad
601 4159 697 4222 huius
727 4160 909 4242 sapientiae
932 4169 1009 4222 tuae
1033 4159 1158 4223 sontem
1183 4165 1355 4229 currimus

156 4246 287 4327 dequo
311 4245 533 4308 confessorem
558 4256 660 4309 tuum.
697 4248 869 4310 antonium
895 4247 986 4310 uelut
1010 4248 1180 4328 quoddam
1208 4252 1357 4315 sanctifi·

157 4333 296 4395 cationis
315 4342 392 4394 tuae
419 4332 633 4395 hauritorium
662 4332 751 4395 bona
776 4343 834 4396 tua
858 4334 977 4414 quibus
1002 4334 1185 4418 adimplere
1200 4338 1358 4418 cupimus

153 4419 351 4482 hauriamus,
368 4439 427 4500 per
440 4420 613 4483 dominum
630 4434 788 4485 nostrum.
