3046 5092
482 338 599 391 HEBD.
634 341 660 391 V.
684 341 820 403 QUAM.
866 342 980 393 FERIA
1006 342 1060 397 Ill.

671 567 790 673 Funus
815 568 829 631 Ι
836 569 859 631 1.

211 702 392 768 Sanctifica
421 725 601 787 quesumus
632 705 767 767 domine
806 716 918 768 nostra
949 706 1076 770 ieiunia.
1108 716 1141 769 et
1172 717 1366 772 cunctarum

169 790 266 854 nobis
283 792 445 874 propitius
461 792 702 874 indulgentiam
720 793 837 875 largire
853 793 1033 874 culparum.
1047 815 1106 876 per
1120 795 1302 858 dominum.

703 943 839 1007 Secreta.

216 1052 372 1118 Concede
396 1054 493 1117 nohis
515 1053 651 1117 domine
675 1054 758 1116 deus
782 1064 894 1116 noster
920 1063 957 1115 ut
983 1054 1065 1116 haec
1081 1054 1190 1116 hostia
1215 1054 1370 1116 salutaris

166 1151 202 1202 et
219 1151 406 1203 nostrorum
424 1140 481 1203 fiat
504 1141 658 1224 purgatio
685 1141 880 1204 delictorum
897 1157 930 1202 et
947 1152 1024 1203 tuae
1039 1141 1233 1223 propitiatio
1251 1143 1367 1204 maies-

169 1228 256 1290 tatis.
273 1249 332 1310 per
344 1228 526 1291 dominum.

680 1355 860 1435 Praefattb.

213 1468 263 1531 ff)
287 1477 419 1529 aeterne
443 1468 532 1530 deus.
579 1468 629 1530 Te
659 1468 852 1550 suppliciter
879 1476 1065 1530 exorantes
1090 1477 1127 1532 ut
1151 1470 1198 1531 sic
1223 1467 1367 1532 sanctifi·

169 1564 288 1616 centur
314 1565 426 1616 nostra
450 1555 578 1617 ieiunia.
606 1575 673 1637 quo
697 1564 890 1618 cunctorum
923 1555 1018 1616 nobis
1049 1567 1260 1637 peccatorum
1292 1578 1367 1639 pro·

168 1633 281 1703 ireniat
312 1641 526 1722 indulgentia.
547 1642 704 1722 quatinus
730 1642 1018 1723 adpropinquante
1049 1644 1209 1724 unigeniti
1238 1642 1294 1704 filii
1320 1645 1367 1706 tui

168 1728 324 1810 passione
350 1728 513 1791 bonorum
540 1749 677 1811 operum
708 1727 768 1791 tibi
793 1728 925 1810 placere
953 1728 1122 1791 ualeamus
1152 1729 1366 1794 exhibitione.

167 1835 228 1897 per
242 1814 401 1878 christum
419 1815 591 1878 dominum
609 1826 767 1877 nostrum.

616 1967 678 2030 Ad
688 1967 914 2049 complendum.

211 2076 419 2141 Sacramenti
449 2078 496 2140 tui
527 2098 707 2159 quesumus
738 2079 873 2141 domine
900 2077 1110 2161 participatio
1140 2077 1300 2140 salutaris,
1333 2087 1366 2141 et

166 2163 432 2247 purificationem
449 2164 544 2227 nobis
560 2165 718 2247 praebeat
734 2176 767 2228 et
784 2166 958 2229 medelam.
975 2185 1041 2248 per.

628 2322 735 2402 Super
747 2319 910 2401 populum.

212 2445 267 2508 Da
291 2464 471 2526 quesumus
494 2444 629 2507 domine
656 2444 780 2526 populo
808 2446 876 2506 tu0¹
903 2443 1044 2505 salutem
1082 2443 1202 2505 mentis
1233 2452 1267 2507 et
1297 2464 1367 2506 cor-

166 2534 264 2613 poris
281 2542 317 2594 ut
345 2531 441 2593 bonis
467 2531 622 2613 operibus
653 2531 834 2593 inherendo
857 2540 915 2593 tua
941 2550 1071 2612 semper
1099 2541 1262 2594 mereatur
1289 2552 1364 2612 pro-

163 2620 311 2682 tectione
326 2618 468 2681 delendi.
484 2638 543 2700 per
557 2618 737 2681 dominum.

667 2857 785 2920 Fanni
810 2857 876 2922 111.

210 2998 335 3061 Nostra
350 2995 410 3059 tibi
426 3015 606 3077 quesumus
621 2995 756 3058 domine
772 2996 837 3058 sint
853 3004 991 3076 accepta
1006 2995 1135 3057 ieiunia.
1151 3015 1237 3077 quae
1252 3015 1313 3058 nos
1331 3007 1365 3061 et

159 3086 338 3167 expiando
363 3083 485 3165 lgratia
511 3092 569 3144 tua
595 3082 715 3163 dignos
739 3080 890 3143 efficiant.
923 3093 957 3144 et
992 3083 1034 3144 ad
1061 3084 1207 3145 remedia
1229 3081 1287 3163 [so.
1314 3098 1362 3164 55.

160 3172 351 3256 perducant
366 3179 507 3233 aeterna.
524 3189 584 3251 per
595 3169 769 3232 dominum
786 3179 944 3231 nostrum.

695 3315 833 3380 Secreta.

210 3446 350 3511 Hostias
374 3443 433 3507 tibi
457 3442 593 3504 domine
617 3439 794 3504 deserimus
821 3439 1050 3503 immolandas.
1077 3461 1162 3522 quae
1189 3442 1364 3525 temporali

157 3534 393 3600 consolatione
432 3550 492 3591 nos
530 3527 715 3591 laetificent.
754 3537 790 3589 ut
828 3528 991 3608 promissa
1029 3530 1149 3591 certius
1187 3550 1359 3611 speremus

156 3634 305 3689 aeterna.
319 3638 378 3701 per
392 3616 574 3680 dominum.

674 3733 854 3812 Praefatio.

210 3865 261 3928 ff>
284 3870 417 3925 aeterne
439 3862 528 3924 deus.
584 3858 630 3921 Et
653 3867 687 3921 te
702 3858 832 3920 deuotis
854 3858 1231 3940 mentibussupplicare.
1248 3869 1285 3923 ut
1301 3881 1361 3924 nos

158 3951 303 4018 interius
328 3948 542 4027 exteriusque
564 3955 735 4007 restaures.
763 3955 796 4006 et
823 3946 1024 4026 parsimonia
1047 3946 1182 4008 salutari
1205 3968 1224 4008 a
1246 3968 1361 4028 pecca-

156 4053 275 4106 torum
306 4034 458 4098 sordibus
485 4053 615 4115 purges.
675 4031 721 4094 Et
741 4051 825 4112 quos
849 4030 1059 4093 inlecebrosis
1085 4032 1361 4098 delectationibus

158 4145 232 4191 non
248 4123 300 4186 uis
316 4121 475 4203 impediri.
492 4118 687 4200 spiritalium
704 4118 863 4181 uirtutum
880 4116 980 4180 iacias
1004 4120 1116 4200 uigore
1140 4122 1267 4183 muniri.
1314 4123 1359 4187 Et

155 4216 210 4279 sic
233 4211 267 4273 in
290 4208 389 4271 rebus
410 4205 605 4270 transitoriis
627 4203 749 4269 foueas.
773 4214 810 4267 ut
831 4206 999 4287 perpetuis
1023 4204 1169 4269 inherere
1187 4211 1359 4273 concedas.

155 4319 223 4387 per
237 4296 407 4359 christum.

552 4472 562 4508 ¹
583 4478 635 4528 Tuo
645 4477 728 4528 added
738 4477 819 4528 above
830 4476 873 4527 the
883 4476 941 4527 line.

201 4578 219 4647 J
223 4567 401 4633 UMIEGES.
