<?xml version="1.0" encoding="UTF-8"?>
<!DOCTYPE html PUBLIC "-//W3C//DTD XHTML 1.0 Transitional//EN"
    "http://www.w3.org/TR/xhtml1/DTD/xhtml1-transitional.dtd">
<html xmlns="http://www.w3.org/1999/xhtml" xml:lang="en" lang="en">
 <head>
  <title>
</title>
<meta http-equiv="Content-Type" content="text/html;charset=utf-8" />
  <meta name='ocr-system' content='tesseract 3.04.00' />
  <meta name='ocr-capabilities' content='ocr_page ocr_carea ocr_par ocr_line ocrx_word'/>
</head>
<body>
  <div class='ocr_page' id='page_1' title='image "./missalrobertjum01wilsgoog_0108.png"; bbox 0 0 3046 5092; ppageno 0'>
   <div class='ocr_carea' id='block_1_1' title="bbox 522 269 1104 320">
    <p class='ocr_par' dir='ltr' id='par_1_1' title="bbox 522 269 1104 320">
     <span class='ocr_line' id='line_1_1' title="bbox 522 269 1104 320; baseline -0.005 0"><span class='ocrx_word' id='word_1_1' title='bbox 522 270 578 320; x_wconf 82' lang='lat' dir='ltr'>DE</span> <span class='ocrx_word' id='word_1_2' title='bbox 602 270 778 320; x_wconf 82' lang='lat' dir='ltr'>COMPUTO</span> <span class='ocrx_word' id='word_1_3' title='bbox 806 269 1104 319; x_wconf 79' lang='lat' dir='ltr'><em>ECCLESIASTICO.</em></span> 
     </span>
    </p>
   </div>
   <div class='ocr_carea' id='block_1_2' title="bbox 392 657 1416 744">
    <p class='ocr_par' dir='ltr' id='par_1_2' title="bbox 392 657 1416 744">
     <span class='ocr_line' id='line_1_2' title="bbox 392 657 1416 744; baseline -0.008 -19"><span class='ocrx_word' id='word_1_4' title='bbox 392 660 613 744; x_wconf 67' lang='lat' dir='ltr'>[Tanrnxus</span> <span class='ocrx_word' id='word_1_5' title='bbox 645 676 685 725; x_wconf 82' lang='lat' dir='ltr'>xe</span> <span class='ocrx_word' id='word_1_6' title='bbox 715 675 847 726; x_wconf 71' lang='lat' dir='ltr'>tunna</span> <span class='ocrx_word' id='word_1_7' title='bbox 879 661 1201 727; x_wconf 76' lang='lat' dir='ltr'>Sarruncasruaa</span> <span class='ocrx_word' id='word_1_8' title='bbox 1290 657 1346 741; x_wconf 83' lang='lat' dir='ltr'>[so.</span> <span class='ocrx_word' id='word_1_9' title='bbox 1369 673 1416 737; x_wconf 90' lang='lat'>19.</span> 
     </span>
    </p>
   </div>
   <div class='ocr_carea' id='block_1_3' title="bbox 225 805 1418 1415">
    <p class='ocr_par' dir='ltr' id='par_1_3' title="bbox 225 805 1417 982">
     <span class='ocr_line' id='line_1_3' title="bbox 269 805 1417 894; baseline -0.005 -19"><span class='ocrx_word' id='word_1_10' title='bbox 269 811 480 892; x_wconf 88' lang='lat' dir='ltr'>Ubicumque</span> <span class='ocrx_word' id='word_1_11' title='bbox 497 813 661 875; x_wconf 89' lang='lat' dir='ltr'>inueneris</span> <span class='ocrx_word' id='word_1_12' title='bbox 688 834 712 874; x_wconf 91' lang='lat' dir='ltr'>x</span> <span class='ocrx_word' id='word_1_13' title='bbox 736 813 849 875; x_wconf 89' lang='lat' dir='ltr'>lunam</span> <span class='ocrx_word' id='word_1_14' title='bbox 873 821 949 894; x_wconf 91' lang='lat' dir='ltr'>post</span> <span class='ocrx_word' id='word_1_15' title='bbox 972 832 1050 872; x_wconf 88' lang='lat' dir='ltr'>xxx</span> <span class='ocrx_word' id='word_1_16' title='bbox 1073 809 1186 872; x_wconf 90' lang='lat' dir='ltr'>lunam</span> <span class='ocrx_word' id='word_1_17' title='bbox 1211 810 1274 872; x_wconf 87' lang='lat' dir='ltr'>ian.</span> <span class='ocrx_word' id='word_1_18' title='bbox 1297 807 1342 869; x_wconf 91' lang='lat' dir='ltr'>ibi</span> <span class='ocrx_word' id='word_1_19' title='bbox 1367 805 1417 869; x_wconf 77' lang='lat' dir='ltr'>fac</span> 
     </span>
     <span class='ocr_line' id='line_1_4' title="bbox 225 897 1113 982; baseline -0.003 -21"><span class='ocrx_word' id='word_1_20' title='bbox 225 899 403 961; x_wconf 91' lang='lat' dir='ltr'>terminum</span> <span class='ocrx_word' id='word_1_21' title='bbox 421 898 491 961; x_wconf 93' lang='lat' dir='ltr'>lxx.</span> <span class='ocrx_word' id='word_1_22' title='bbox 516 910 549 962; x_wconf 94' lang='lat' dir='ltr'>et</span> <span class='ocrx_word' id='word_1_23' title='bbox 565 901 597 961; x_wconf 92' lang='lat' dir='ltr'>in</span> <span class='ocrx_word' id='word_1_24' title='bbox 615 902 766 982; x_wconf 88' lang='lat' dir='ltr'>sequenti</span> <span class='ocrx_word' id='word_1_25' title='bbox 782 899 949 962; x_wconf 91' lang='lat' dir='ltr'>dominica</span> <span class='ocrx_word' id='word_1_26' title='bbox 964 899 1026 960; x_wconf 90' lang='lat' dir='ltr'>erit</span> <span class='ocrx_word' id='word_1_27' title='bbox 1042 897 1113 959; x_wconf 93' lang='lat' dir='ltr'>lxx.</span> 
     </span>
    </p>

    <p class='ocr_par' dir='ltr' id='par_1_4' title="bbox 225 980 1418 1155">
     <span class='ocr_line' id='line_1_5' title="bbox 269 980 1418 1068; baseline -0.006 -19"><span class='ocrx_word' id='word_1_28' title='bbox 269 985 480 1066; x_wconf 86' lang='lat' dir='ltr'>Ubicumque</span> <span class='ocrx_word' id='word_1_29' title='bbox 496 987 659 1049; x_wconf 83' lang='lat' dir='ltr'>inueneris</span> <span class='ocrx_word' id='word_1_30' title='bbox 675 988 737 1048; x_wconf 80' lang='lat' dir='ltr'>iiam</span> <span class='ocrx_word' id='word_1_31' title='bbox 754 987 865 1049; x_wconf 90' lang='lat' dir='ltr'>lunam</span> <span class='ocrx_word' id='word_1_32' title='bbox 883 995 959 1068; x_wconf 89' lang='lat' dir='ltr'>post</span> <span class='ocrx_word' id='word_1_33' title='bbox 975 985 1064 1047; x_wconf 91' lang='lat' dir='ltr'>xxix</span> <span class='ocrx_word' id='word_1_34' title='bbox 1080 984 1192 1046; x_wconf 90' lang='lat' dir='ltr'>lunam</span> <span class='ocrx_word' id='word_1_35' title='bbox 1210 981 1289 1045; x_wconf 88' lang='lat' dir='ltr'>Feb.</span> <span class='ocrx_word' id='word_1_36' title='bbox 1304 981 1349 1043; x_wconf 92' lang='lat' dir='ltr'>ibi</span> <span class='ocrx_word' id='word_1_37' title='bbox 1366 980 1418 1043; x_wconf 79' lang='lat' dir='ltr'>sac</span> 
     </span>
     <span class='ocr_line' id='line_1_6' title="bbox 225 1070 1151 1155; baseline -0.002 -20"><span class='ocrx_word' id='word_1_38' title='bbox 225 1073 402 1135; x_wconf 93' lang='lat' dir='ltr'>terminum</span> <span class='ocrx_word' id='word_1_39' title='bbox 419 1073 501 1134; x_wconf 90' lang='lat' dir='ltr'>initii</span> <span class='ocrx_word' id='word_1_40' title='bbox 519 1073 563 1135; x_wconf 92' lang='lat' dir='ltr'>xl.</span> <span class='ocrx_word' id='word_1_41' title='bbox 579 1083 613 1135; x_wconf 97' lang='lat' dir='ltr'>et</span> <span class='ocrx_word' id='word_1_42' title='bbox 629 1074 661 1135; x_wconf 94' lang='lat' dir='ltr'>in</span> <span class='ocrx_word' id='word_1_43' title='bbox 678 1075 830 1155; x_wconf 86' lang='lat' dir='ltr'>sequenti</span> <span class='ocrx_word' id='word_1_44' title='bbox 847 1073 1013 1136; x_wconf 89' lang='lat' dir='ltr'>dominica</span> <span class='ocrx_word' id='word_1_45' title='bbox 1028 1072 1090 1133; x_wconf 89' lang='lat' dir='ltr'>erit</span> <span class='ocrx_word' id='word_1_46' title='bbox 1106 1070 1151 1133; x_wconf 85' lang='lat' dir='ltr'>xl.</span> 
     </span>
    </p>

    <p class='ocr_par' dir='ltr' id='par_1_5' title="bbox 225 1153 1418 1328">
     <span class='ocr_line' id='line_1_7' title="bbox 270 1153 1418 1241; baseline -0.006 -18"><span class='ocrx_word' id='word_1_47' title='bbox 270 1159 481 1241; x_wconf 88' lang='lat' dir='ltr'>Ubicumque</span> <span class='ocrx_word' id='word_1_48' title='bbox 497 1160 660 1222; x_wconf 90' lang='lat' dir='ltr'>inueneris</span> <span class='ocrx_word' id='word_1_49' title='bbox 684 1173 797 1222; x_wconf 74' lang='lat' dir='ltr'>xrrnam</span> <span class='ocrx_word' id='word_1_50' title='bbox 819 1158 933 1222; x_wconf 90' lang='lat' dir='ltr'>lunam</span> <span class='ocrx_word' id='word_1_51' title='bbox 957 1167 1033 1240; x_wconf 91' lang='lat' dir='ltr'>post</span> <span class='ocrx_word' id='word_1_52' title='bbox 1049 1178 1126 1219; x_wconf 86' lang='lat' dir='ltr'>xxx</span> <span class='ocrx_word' id='word_1_53' title='bbox 1142 1157 1255 1219; x_wconf 90' lang='lat' dir='ltr'>lunam</span> <span class='ocrx_word' id='word_1_54' title='bbox 1273 1155 1355 1217; x_wconf 88' lang='lat' dir='ltr'>Mar.</span> <span class='ocrx_word' id='word_1_55' title='bbox 1373 1153 1418 1216; x_wconf 91' lang='lat' dir='ltr'>ibi</span> 
     </span>
     <span class='ocr_line' id='line_1_8' title="bbox 225 1242 1310 1328; baseline -0.003 -21"><span class='ocrx_word' id='word_1_56' title='bbox 225 1245 276 1307; x_wconf 82' lang='lat' dir='ltr'>sac</span> <span class='ocrx_word' id='word_1_57' title='bbox 292 1247 469 1308; x_wconf 90' lang='lat' dir='ltr'>terminum</span> <span class='ocrx_word' id='word_1_58' title='bbox 488 1246 638 1327; x_wconf 90' lang='lat' dir='ltr'>paschae.</span> <span class='ocrx_word' id='word_1_59' title='bbox 653 1257 687 1309; x_wconf 89' lang='lat' dir='ltr'>et</span> <span class='ocrx_word' id='word_1_60' title='bbox 703 1249 736 1309; x_wconf 90' lang='lat' dir='ltr'>in</span> <span class='ocrx_word' id='word_1_61' title='bbox 751 1247 902 1328; x_wconf 87' lang='lat' dir='ltr'>sequenti</span> <span class='ocrx_word' id='word_1_62' title='bbox 919 1246 1086 1309; x_wconf 92' lang='lat' dir='ltr'>dominica</span> <span class='ocrx_word' id='word_1_63' title='bbox 1101 1245 1162 1306; x_wconf 90' lang='lat' dir='ltr'>erit</span> <span class='ocrx_word' id='word_1_64' title='bbox 1177 1242 1310 1325; x_wconf 83' lang='lat' dir='ltr'>pascha</span> 
     </span>
    </p>

    <p class='ocr_par' dir='ltr' id='par_1_6' title="bbox 269 1327 1416 1415">
     <span class='ocr_line' id='line_1_9' title="bbox 269 1327 1416 1415; baseline -0.006 -19"><span class='ocrx_word' id='word_1_65' title='bbox 269 1332 481 1414; x_wconf 88' lang='lat' dir='ltr'>Ubicumque</span> <span class='ocrx_word' id='word_1_66' title='bbox 504 1335 667 1396; x_wconf 91' lang='lat' dir='ltr'>inueneris</span> <span class='ocrx_word' id='word_1_67' title='bbox 692 1355 741 1396; x_wconf 92' lang='lat' dir='ltr'>xx</span> <span class='ocrx_word' id='word_1_68' title='bbox 768 1334 881 1396; x_wconf 91' lang='lat' dir='ltr'>lunam</span> <span class='ocrx_word' id='word_1_69' title='bbox 905 1342 981 1415; x_wconf 90' lang='lat' dir='ltr'>post</span> <span class='ocrx_word' id='word_1_70' title='bbox 1006 1332 1093 1393; x_wconf 92' lang='lat' dir='ltr'>xxix</span> <span class='ocrx_word' id='word_1_71' title='bbox 1118 1330 1230 1393; x_wconf 90' lang='lat' dir='ltr'>lunam</span> <span class='ocrx_word' id='word_1_72' title='bbox 1257 1328 1338 1410; x_wconf 90' lang='lat' dir='ltr'>Apr.</span> <span class='ocrx_word' id='word_1_73' title='bbox 1370 1327 1416 1390; x_wconf 94' lang='lat' dir='ltr'>ibi</span> 
     </span>
    </p>
   </div>
   <div class='ocr_carea' id='block_1_4' title="bbox 224 1415 1420 1831">
    <p class='ocr_par' dir='ltr' id='par_1_7' title="bbox 224 1415 1419 1588">
     <span class='ocr_line' id='line_1_10' title="bbox 224 1415 1419 1502; baseline -0.003 -22"><span class='ocrx_word' id='word_1_74' title='bbox 224 1419 275 1482; x_wconf 80' lang='lat' dir='ltr'>sac</span> <span class='ocrx_word' id='word_1_75' title='bbox 304 1420 482 1482; x_wconf 89' lang='lat' dir='ltr'>terminum</span> <span class='ocrx_word' id='word_1_76' title='bbox 514 1423 723 1502; x_wconf 86' lang='lat' dir='ltr'>rogationum</span> <span class='ocrx_word' id='word_1_77' title='bbox 755 1430 788 1484; x_wconf 90' lang='lat' dir='ltr'>et</span> <span class='ocrx_word' id='word_1_78' title='bbox 817 1440 958 1501; x_wconf 92' lang='lat' dir='ltr'>sequens</span> <span class='ocrx_word' id='word_1_79' title='bbox 988 1418 1156 1482; x_wconf 89' lang='lat' dir='ltr'>dominica</span> <span class='ocrx_word' id='word_1_80' title='bbox 1185 1417 1332 1498; x_wconf 89' lang='lat' dir='ltr'>precedit</span> <span class='ocrx_word' id='word_1_81' title='bbox 1355 1415 1419 1477; x_wconf 76' lang='lat' dir='ltr'>ii³¹¹¹</span> 
     </span>
     <span class='ocr_line' id='line_1_11' title="bbox 224 1507 573 1588; baseline 0.003 -20"><span class='ocrx_word' id='word_1_82' title='bbox 224 1507 339 1568; x_wconf 80' lang='lat' dir='ltr'>seriam</span> <span class='ocrx_word' id='word_1_83' title='bbox 355 1507 573 1588; x_wconf 87' lang='lat' dir='ltr'>rogationum.</span> 
     </span>
    </p>

    <p class='ocr_par' dir='ltr' id='par_1_8' title="bbox 224 1587 1420 1831">
     <span class='ocr_line' id='line_1_12' title="bbox 269 1587 1420 1675; baseline -0.006 -18"><span class='ocrx_word' id='word_1_84' title='bbox 269 1592 480 1675; x_wconf 88' lang='lat' dir='ltr'>Ubicumque</span> <span class='ocrx_word' id='word_1_85' title='bbox 503 1595 666 1657; x_wconf 91' lang='lat' dir='ltr'>inueneris</span> <span class='ocrx_word' id='word_1_86' title='bbox 688 1607 775 1656; x_wconf 78' lang='lat' dir='ltr'>nnam</span> <span class='ocrx_word' id='word_1_87' title='bbox 798 1593 912 1656; x_wconf 90' lang='lat' dir='ltr'>lunam</span> <span class='ocrx_word' id='word_1_88' title='bbox 935 1602 1011 1675; x_wconf 91' lang='lat' dir='ltr'>post</span> <span class='ocrx_word' id='word_1_89' title='bbox 1034 1613 1112 1654; x_wconf 88' lang='lat' dir='ltr'>xxx</span> <span class='ocrx_word' id='word_1_90' title='bbox 1135 1591 1248 1653; x_wconf 91' lang='lat' dir='ltr'>lunam</span> <span class='ocrx_word' id='word_1_91' title='bbox 1271 1589 1351 1652; x_wconf 91' lang='lat' dir='ltr'>Mai.</span> <span class='ocrx_word' id='word_1_92' title='bbox 1375 1587 1420 1650; x_wconf 91' lang='lat' dir='ltr'>ibi</span> 
     </span>
     <span class='ocr_line' id='line_1_13' title="bbox 224 1677 1420 1762; baseline -0.004 -20"><span class='ocrx_word' id='word_1_93' title='bbox 224 1678 275 1742; x_wconf 74' lang='lat' dir='ltr'>fac</span> <span class='ocrx_word' id='word_1_94' title='bbox 300 1681 477 1742; x_wconf 91' lang='lat' dir='ltr'>terminum</span> <span class='ocrx_word' id='word_1_95' title='bbox 508 1687 731 1762; x_wconf 88' lang='lat' dir='ltr'>pentecosten.</span> <span class='ocrx_word' id='word_1_96' title='bbox 759 1691 793 1744; x_wconf 93' lang='lat' dir='ltr'>et</span> <span class='ocrx_word' id='word_1_97' title='bbox 818 1682 850 1743; x_wconf 91' lang='lat' dir='ltr'>in</span> <span class='ocrx_word' id='word_1_98' title='bbox 876 1680 1026 1762; x_wconf 89' lang='lat' dir='ltr'>sequenti</span> <span class='ocrx_word' id='word_1_99' title='bbox 1052 1677 1220 1741; x_wconf 90' lang='lat' dir='ltr'>dominica</span> <span class='ocrx_word' id='word_1_100' title='bbox 1247 1677 1309 1740; x_wconf 92' lang='lat' dir='ltr'>erit</span> <span class='ocrx_word' id='word_1_101' title='bbox 1338 1695 1420 1757; x_wconf 90' lang='lat' dir='ltr'>pen-</span> 
     </span>
     <span class='ocr_line' id='line_1_14' title="bbox 224 1768 857 1831; baseline 0.002 -1"><span class='ocrx_word' id='word_1_102' title='bbox 224 1776 366 1830; x_wconf 89' lang='lat' dir='ltr'>tecostes</span> <span class='ocrx_word' id='word_1_103' title='bbox 381 1776 414 1828; x_wconf 92' lang='lat' dir='ltr'>et</span> <span class='ocrx_word' id='word_1_104' title='bbox 430 1768 476 1829; x_wconf 91' lang='lat' dir='ltr'>ita</span> <span class='ocrx_word' id='word_1_105' title='bbox 491 1768 561 1829; x_wconf 90' lang='lat' dir='ltr'>sine</span> <span class='ocrx_word' id='word_1_106' title='bbox 577 1788 685 1830; x_wconf 89' lang='lat' dir='ltr'>errore</span> <span class='ocrx_word' id='word_1_107' title='bbox 701 1769 857 1831; x_wconf 90' lang='lat' dir='ltr'>inuenies.</span> 
     </span>
    </p>
   </div>
   <div class='ocr_carea' id='block_1_5' title="bbox 224 1861 1420 2209">
    <p class='ocr_par' dir='ltr' id='par_1_9' title="bbox 225 1861 1420 2035">
     <span class='ocr_line' id='line_1_15' title="bbox 269 1861 1420 1948; baseline -0.004 -20"><span class='ocrx_word' id='word_1_108' title='bbox 269 1866 348 1928; x_wconf 91' lang='lat' dir='ltr'>Post</span> <span class='ocrx_word' id='word_1_109' title='bbox 365 1867 422 1928; x_wconf 87' lang='lat' dir='ltr'>xvi</span> <span class='ocrx_word' id='word_1_110' title='bbox 439 1866 482 1929; x_wconf 89' lang='lat' dir='ltr'>kl.</span> <span class='ocrx_word' id='word_1_111' title='bbox 499 1864 579 1940; x_wconf 61' lang='lat' dir='ltr'>iani</span> <span class='ocrx_word' id='word_1_112' title='bbox 594 1868 626 1928; x_wconf 93' lang='lat' dir='ltr'>in</span> <span class='ocrx_word' id='word_1_113' title='bbox 643 1867 741 1948; x_wconf 91' lang='lat' dir='ltr'>quale</span> <span class='ocrx_word' id='word_1_114' title='bbox 756 1870 909 1931; x_wconf 90' lang='lat' dir='ltr'>datarum</span> <span class='ocrx_word' id='word_1_115' title='bbox 926 1867 1039 1928; x_wconf 87' lang='lat' dir='ltr'>lunam</span> <span class='ocrx_word' id='word_1_116' title='bbox 1064 1886 1087 1926; x_wconf 95' lang='lat' dir='ltr'>x</span> <span class='ocrx_word' id='word_1_117' title='bbox 1112 1863 1275 1926; x_wconf 89' lang='lat' dir='ltr'>inueneris</span> <span class='ocrx_word' id='word_1_118' title='bbox 1298 1861 1343 1924; x_wconf 92' lang='lat' dir='ltr'>ibi</span> <span class='ocrx_word' id='word_1_119' title='bbox 1368 1861 1420 1924; x_wconf 83' lang='lat' dir='ltr'>sac</span> 
     </span>
     <span class='ocr_line' id='line_1_16' title="bbox 225 1951 713 2035; baseline 0 -19"><span class='ocrx_word' id='word_1_120' title='bbox 225 1951 413 2021; x_wconf 83' lang='lat' dir='ltr'>terminale†</span> <span class='ocrx_word' id='word_1_121' title='bbox 428 1955 713 2035; x_wconf 85' lang='lat' dir='ltr'>septuagesimale.</span> 
     </span>
    </p>

    <p class='ocr_par' dir='ltr' id='par_1_10' title="bbox 224 2035 1420 2209">
     <span class='ocr_line' id='line_1_17' title="bbox 269 2035 1420 2121; baseline -0.003 -20"><span class='ocrx_word' id='word_1_122' title='bbox 269 2040 357 2102; x_wconf 90' lang='lat' dir='ltr'>Post.</span> <span class='ocrx_word' id='word_1_123' title='bbox 375 2041 418 2101; x_wconf 92' lang='lat' dir='ltr'>vii</span> <span class='ocrx_word' id='word_1_124' title='bbox 435 2041 477 2103; x_wconf 94' lang='lat' dir='ltr'>id.</span> <span class='ocrx_word' id='word_1_125' title='bbox 495 2039 573 2103; x_wconf 89' lang='lat' dir='ltr'>Feb.</span> <span class='ocrx_word' id='word_1_126' title='bbox 589 2042 621 2103; x_wconf 90' lang='lat' dir='ltr'>in</span> <span class='ocrx_word' id='word_1_127' title='bbox 638 2041 736 2121; x_wconf 89' lang='lat' dir='ltr'>quale</span> <span class='ocrx_word' id='word_1_128' title='bbox 752 2043 905 2104; x_wconf 90' lang='lat' dir='ltr'>datarum</span> <span class='ocrx_word' id='word_1_129' title='bbox 922 2038 1034 2102; x_wconf 88' lang='lat' dir='ltr'>lunam</span> <span class='ocrx_word' id='word_1_130' title='bbox 1052 2038 1115 2101; x_wconf 81' lang='lat' dir='ltr'>iiam</span> <span class='ocrx_word' id='word_1_131' title='bbox 1126 2037 1298 2101; x_wconf 88' lang='lat' dir='ltr'>inueneris.</span> <span class='ocrx_word' id='word_1_132' title='bbox 1311 2035 1357 2099; x_wconf 92' lang='lat' dir='ltr'>ibi</span> <span class='ocrx_word' id='word_1_133' title='bbox 1368 2036 1420 2098; x_wconf 83' lang='lat' dir='ltr'>fac</span> 
     </span>
     <span class='ocr_line' id='line_1_18' title="bbox 224 2127 711 2209; baseline -0.012 -18"><span class='ocrx_word' id='word_1_134' title='bbox 224 2127 402 2191; x_wconf 89' lang='lat' dir='ltr'>terminum</span> <span class='ocrx_word' id='word_1_135' title='bbox 418 2128 711 2209; x_wconf 84' lang='lat' dir='ltr'>quadragesimale.</span> 
     </span>
    </p>
   </div>
   <div class='ocr_carea' id='block_1_6' title="bbox 227 2312 638 2408">
    <p class='ocr_par' dir='ltr' id='par_1_11' title="bbox 227 2312 638 2408">
     <span class='ocr_line' id='line_1_19' title="bbox 227 2312 638 2408; baseline 0.002 -32"><span class='ocrx_word' id='word_1_136' title='bbox 227 2312 277 2376; x_wconf 77' lang='lat' dir='ltr'>fac</span> <span class='ocrx_word' id='word_1_137' title='bbox 293 2313 471 2408; x_wconf 71' lang='lat' dir='ltr'>terminum</span> <span class='ocrx_word' id='word_1_138' title='bbox 488 2313 638 2395; x_wconf 85' lang='lat' dir='ltr'>paschae.</span> 
     </span>
    </p>
   </div>
   <div class='ocr_carea' id='block_1_7' title="bbox 230 2410 1421 2582">
    <p class='ocr_par' dir='ltr' id='par_1_12' title="bbox 230 2410 1421 2582">
     <span class='ocr_line' id='line_1_20' title="bbox 271 2410 1421 2495; baseline -0.002 -20"><span class='ocrx_word' id='word_1_139' title='bbox 271 2412 350 2475; x_wconf 90' lang='lat' dir='ltr'>Post</span> <span class='ocrx_word' id='word_1_140' title='bbox 365 2412 396 2474; x_wconf 92' lang='lat' dir='ltr'>vi</span> <span class='ocrx_word' id='word_1_141' title='bbox 413 2413 455 2475; x_wconf 87' lang='lat' dir='ltr'>kl.</span> <span class='ocrx_word' id='word_1_142' title='bbox 474 2412 543 2474; x_wconf 91' lang='lat' dir='ltr'>Mai</span> <span class='ocrx_word' id='word_1_143' title='bbox 567 2413 599 2475; x_wconf 93' lang='lat' dir='ltr'>in</span> <span class='ocrx_word' id='word_1_144' title='bbox 623 2412 721 2495; x_wconf 91' lang='lat' dir='ltr'>quale</span> <span class='ocrx_word' id='word_1_145' title='bbox 744 2414 897 2477; x_wconf 91' lang='lat' dir='ltr'>datarum</span> <span class='ocrx_word' id='word_1_146' title='bbox 924 2412 1037 2477; x_wconf 91' lang='lat' dir='ltr'>lunam</span> <span class='ocrx_word' id='word_1_147' title='bbox 1061 2425 1153 2475; x_wconf 86' lang='lat' dir='ltr'>xxam</span> <span class='ocrx_word' id='word_1_148' title='bbox 1177 2411 1352 2475; x_wconf 75' lang='lat' dir='ltr'>inueneris</span> <span class='ocrx_word' id='word_1_149' title='bbox 1376 2410 1421 2474; x_wconf 90' lang='lat' dir='ltr'>ibi</span> 
     </span>
     <span class='ocr_line' id='line_1_21' title="bbox 230 2500 700 2582; baseline 0.002 -20"><span class='ocrx_word' id='word_1_150' title='bbox 230 2500 278 2563; x_wconf 78' lang='lat' dir='ltr'>sac</span> <span class='ocrx_word' id='word_1_151' title='bbox 294 2501 471 2562; x_wconf 90' lang='lat' dir='ltr'>terminum</span> <span class='ocrx_word' id='word_1_152' title='bbox 489 2500 700 2582; x_wconf 82' lang='lat' dir='ltr'>rogationale.</span> 
     </span>
    </p>
   </div>
   <div class='ocr_carea' id='block_1_8' title="bbox 229 2689 1434 4054">
    <p class='ocr_par' dir='ltr' id='par_1_13' title="bbox 229 2689 644 2767">
     <span class='ocr_line' id='line_1_22' title="bbox 229 2689 644 2767; baseline -0.002 -17"><span class='ocrx_word' id='word_1_153' title='bbox 229 2689 404 2750; x_wconf 88' lang='lat' dir='ltr'>terminum</span> <span class='ocrx_word' id='word_1_154' title='bbox 421 2696 644 2767; x_wconf 88' lang='lat' dir='ltr'>pentecosten.</span> 
     </span>
    </p>

    <p class='ocr_par' dir='ltr' id='par_1_14' title="bbox 229 2771 1425 3098">
     <span class='ocr_line' id='line_1_23' title="bbox 273 2771 1425 2854; baseline -0.003 -18"><span class='ocrx_word' id='word_1_155' title='bbox 273 2773 392 2836; x_wconf 91' lang='lat' dir='ltr'>Omnis</span> <span class='ocrx_word' id='word_1_156' title='bbox 409 2774 486 2834; x_wconf 90' lang='lat' dir='ltr'>luna</span> <span class='ocrx_word' id='word_1_157' title='bbox 502 2794 587 2854; x_wconf 86' lang='lat' dir='ltr'>quae</span> <span class='ocrx_word' id='word_1_158' title='bbox 603 2794 741 2836; x_wconf 87' lang='lat' dir='ltr'>accensa</span> <span class='ocrx_word' id='word_1_159' title='bbox 759 2773 854 2836; x_wconf 83' lang='lat' dir='ltr'>suerit</span> <span class='ocrx_word' id='word_1_160' title='bbox 869 2775 912 2837; x_wconf 94' lang='lat' dir='ltr'>ab</span> <span class='ocrx_word' id='word_1_161' title='bbox 928 2784 1048 2836; x_wconf 90' lang='lat' dir='ltr'>octaua</span> <span class='ocrx_word' id='word_1_162' title='bbox 1064 2773 1137 2835; x_wconf 92' lang='lat' dir='ltr'>idus</span> <span class='ocrx_word' id='word_1_163' title='bbox 1150 2771 1302 2835; x_wconf 83' lang='lat' dir='ltr'>februarii</span> <span class='ocrx_word' id='word_1_164' title='bbox 1320 2792 1425 2853; x_wconf 92' lang='lat' dir='ltr'>usque</span> 
     </span>
     <span class='ocr_line' id='line_1_24' title="bbox 230 2859 1425 2943; baseline -0.003 -20"><span class='ocrx_word' id='word_1_165' title='bbox 230 2862 334 2943; x_wconf 87' lang='lat' dir='ltr'>pridie</span> <span class='ocrx_word' id='word_1_166' title='bbox 350 2880 511 2923; x_wconf 87' lang='lat' dir='ltr'>nonarum</span> <span class='ocrx_word' id='word_1_167' title='bbox 530 2862 646 2923; x_wconf 89' lang='lat' dir='ltr'>martii.</span> <span class='ocrx_word' id='word_1_168' title='bbox 663 2862 848 2923; x_wconf 90' lang='lat' dir='ltr'>dominicus</span> <span class='ocrx_word' id='word_1_169' title='bbox 865 2863 935 2924; x_wconf 87' lang='lat' dir='ltr'>dies</span> <span class='ocrx_word' id='word_1_170' title='bbox 950 2863 1006 2943; x_wconf 92' lang='lat' dir='ltr'>qui</span> <span class='ocrx_word' id='word_1_171' title='bbox 1023 2862 1171 2942; x_wconf 91' lang='lat' dir='ltr'>sequitur</span> <span class='ocrx_word' id='word_1_172' title='bbox 1193 2859 1283 2921; x_wconf 90' lang='lat' dir='ltr'>illam</span> <span class='ocrx_word' id='word_1_173' title='bbox 1308 2879 1425 2921; x_wconf 89' lang='lat' dir='ltr'>secun-</span> 
     </span>
     <span class='ocr_line' id='line_1_25' title="bbox 229 2944 1425 3030; baseline -0.003 -19"><span class='ocrx_word' id='word_1_174' title='bbox 229 2949 307 3012; x_wconf 92' lang='lat' dir='ltr'>dam</span> <span class='ocrx_word' id='word_1_175' title='bbox 332 2947 445 3009; x_wconf 90' lang='lat' dir='ltr'>lunam</span> <span class='ocrx_word' id='word_1_176' title='bbox 472 2948 601 3010; x_wconf 90' lang='lat' dir='ltr'>initium</span> <span class='ocrx_word' id='word_1_177' title='bbox 628 2949 689 3009; x_wconf 88' lang='lat' dir='ltr'>crit</span> <span class='ocrx_word' id='word_1_178' title='bbox 711 2949 965 3030; x_wconf 86' lang='lat' dir='ltr'>quadragesime</span> <span class='ocrx_word' id='word_1_179' title='bbox 986 2959 1019 3011; x_wconf 91' lang='lat' dir='ltr'>et</span> <span class='ocrx_word' id='word_1_180' title='bbox 1035 2949 1061 3009; x_wconf 93' lang='lat' dir='ltr'>si</span> <span class='ocrx_word' id='word_1_181' title='bbox 1079 2948 1246 3010; x_wconf 91' lang='lat' dir='ltr'>bissextus</span> <span class='ocrx_word' id='word_1_182' title='bbox 1259 2944 1356 3008; x_wconf 77' lang='lat' dir='ltr'>fuerit</span> <span class='ocrx_word' id='word_1_183' title='bbox 1372 2946 1425 3008; x_wconf 91' lang='lat' dir='ltr'>uel</span> 
     </span>
     <span class='ocr_line' id='line_1_26' title="bbox 231 3054 305 3098; baseline -0.054 0"><span class='ocrx_word' id='word_1_184' title='bbox 231 3054 305 3098; x_wconf 91' lang='lat' dir='ltr'>non.</span> 
     </span>
    </p>

    <p class='ocr_par' dir='ltr' id='par_1_15' title="bbox 232 3120 1427 3376">
     <span class='ocr_line' id='line_1_27' title="bbox 275 3120 1427 3202; baseline -0.003 -18"><span class='ocrx_word' id='word_1_185' title='bbox 275 3120 394 3184; x_wconf 90' lang='lat' dir='ltr'>Omnis</span> <span class='ocrx_word' id='word_1_186' title='bbox 411 3120 489 3183; x_wconf 91' lang='lat' dir='ltr'>luna</span> <span class='ocrx_word' id='word_1_187' title='bbox 504 3141 589 3201; x_wconf 88' lang='lat' dir='ltr'>quae</span> <span class='ocrx_word' id='word_1_188' title='bbox 605 3142 743 3183; x_wconf 85' lang='lat' dir='ltr'>accensa</span> <span class='ocrx_word' id='word_1_189' title='bbox 765 3120 862 3184; x_wconf 84' lang='lat' dir='ltr'>suerit</span> <span class='ocrx_word' id='word_1_190' title='bbox 885 3123 927 3185; x_wconf 91' lang='lat' dir='ltr'>ab</span> <span class='ocrx_word' id='word_1_191' title='bbox 950 3132 1070 3185; x_wconf 91' lang='lat' dir='ltr'>octaua</span> <span class='ocrx_word' id='word_1_192' title='bbox 1092 3121 1165 3183; x_wconf 90' lang='lat' dir='ltr'>idus</span> <span class='ocrx_word' id='word_1_193' title='bbox 1189 3120 1297 3182; x_wconf 91' lang='lat' dir='ltr'>martii</span> <span class='ocrx_word' id='word_1_194' title='bbox 1321 3140 1427 3202; x_wconf 93' lang='lat' dir='ltr'>usque</span> 
     </span>
     <span class='ocr_line' id='line_1_28' title="bbox 233 3207 1426 3290; baseline -0.001 -20"><span class='ocrx_word' id='word_1_195' title='bbox 233 3229 337 3271; x_wconf 92' lang='lat' dir='ltr'>nonas</span> <span class='ocrx_word' id='word_1_196' title='bbox 375 3208 502 3288; x_wconf 89' lang='lat' dir='ltr'>aprelis.</span> <span class='ocrx_word' id='word_1_197' title='bbox 533 3209 719 3270; x_wconf 91' lang='lat' dir='ltr'>dominicus</span> <span class='ocrx_word' id='word_1_198' title='bbox 757 3210 826 3270; x_wconf 88' lang='lat' dir='ltr'>dies</span> <span class='ocrx_word' id='word_1_199' title='bbox 864 3210 920 3290; x_wconf 87' lang='lat' dir='ltr'>qui</span> <span class='ocrx_word' id='word_1_200' title='bbox 959 3211 1107 3290; x_wconf 90' lang='lat' dir='ltr'>sequitur</span> <span class='ocrx_word' id='word_1_201' title='bbox 1143 3207 1233 3269; x_wconf 89' lang='lat' dir='ltr'>illam</span> <span class='ocrx_word' id='word_1_202' title='bbox 1272 3217 1426 3288; x_wconf 90' lang='lat' dir='ltr'>quartam</span> 
     </span>
     <span class='ocr_line' id='line_1_29' title="bbox 232 3293 1406 3376; baseline -0.002 -18"><span class='ocrx_word' id='word_1_203' title='bbox 232 3293 403 3367; x_wconf 79' lang='lat' dir='ltr'>decidam&#39;r</span> <span class='ocrx_word' id='word_1_204' title='bbox 418 3295 529 3356; x_wconf 86' lang='lat' dir='ltr'>lunam</span> <span class='ocrx_word' id='word_1_205' title='bbox 546 3296 616 3357; x_wconf 91' lang='lat' dir='ltr'>dies</span> <span class='ocrx_word' id='word_1_206' title='bbox 632 3296 693 3357; x_wconf 88' lang='lat' dir='ltr'>erit</span> <span class='ocrx_word' id='word_1_207' title='bbox 710 3296 852 3376; x_wconf 91' lang='lat' dir='ltr'>paschae</span> <span class='ocrx_word' id='word_1_208' title='bbox 868 3305 901 3357; x_wconf 88' lang='lat' dir='ltr'>et</span> <span class='ocrx_word' id='word_1_209' title='bbox 918 3296 944 3357; x_wconf 86' lang='lat' dir='ltr'>si</span> <span class='ocrx_word' id='word_1_210' title='bbox 961 3297 1129 3359; x_wconf 87' lang='lat' dir='ltr'>bissextus</span> <span class='ocrx_word' id='word_1_211' title='bbox 1146 3295 1242 3358; x_wconf 82' lang='lat' dir='ltr'>suerit</span> <span class='ocrx_word' id='word_1_212' title='bbox 1258 3295 1311 3356; x_wconf 90' lang='lat' dir='ltr'>uel</span> <span class='ocrx_word' id='word_1_213' title='bbox 1329 3315 1406 3356; x_wconf 87' lang='lat' dir='ltr'>non.</span> 
     </span>
    </p>

    <p class='ocr_par' dir='ltr' id='par_1_16' title="bbox 233 3380 1430 3704">
     <span class='ocr_line' id='line_1_30' title="bbox 278 3380 1430 3462; baseline -0.001 -18"><span class='ocrx_word' id='word_1_214' title='bbox 278 3380 396 3444; x_wconf 87' lang='lat' dir='ltr'>Omnis</span> <span class='ocrx_word' id='word_1_215' title='bbox 413 3381 491 3443; x_wconf 91' lang='lat' dir='ltr'>luna</span> <span class='ocrx_word' id='word_1_216' title='bbox 514 3402 600 3462; x_wconf 90' lang='lat' dir='ltr'>quae</span> <span class='ocrx_word' id='word_1_217' title='bbox 626 3402 765 3444; x_wconf 88' lang='lat' dir='ltr'>accensa</span> <span class='ocrx_word' id='word_1_218' title='bbox 792 3381 888 3445; x_wconf 83' lang='lat' dir='ltr'>suerit</span> <span class='ocrx_word' id='word_1_219' title='bbox 904 3384 947 3446; x_wconf 90' lang='lat' dir='ltr'>ab</span> <span class='ocrx_word' id='word_1_220' title='bbox 962 3393 1082 3445; x_wconf 91' lang='lat' dir='ltr'>octaua</span> <span class='ocrx_word' id='word_1_221' title='bbox 1098 3384 1171 3445; x_wconf 90' lang='lat' dir='ltr'>idus</span> <span class='ocrx_word' id='word_1_222' title='bbox 1187 3381 1307 3461; x_wconf 86' lang='lat' dir='ltr'>aprelis</span> <span class='ocrx_word' id='word_1_223' title='bbox 1323 3401 1430 3462; x_wconf 90' lang='lat' dir='ltr'>usque</span> 
     </span>
     <span class='ocr_line' id='line_1_31' title="bbox 233 3469 1429 3551; baseline 0 -22"><span class='ocrx_word' id='word_1_224' title='bbox 233 3478 351 3549; x_wconf 90' lang='lat' dir='ltr'>quarta</span> <span class='ocrx_word' id='word_1_225' title='bbox 382 3489 542 3529; x_wconf 91' lang='lat' dir='ltr'>nonarum</span> <span class='ocrx_word' id='word_1_226' title='bbox 576 3470 649 3530; x_wconf 90' lang='lat' dir='ltr'>mai.</span> <span class='ocrx_word' id='word_1_227' title='bbox 666 3470 851 3532; x_wconf 89' lang='lat' dir='ltr'>dominicus</span> <span class='ocrx_word' id='word_1_228' title='bbox 876 3470 947 3531; x_wconf 89' lang='lat' dir='ltr'>dies</span> <span class='ocrx_word' id='word_1_229' title='bbox 972 3471 1027 3551; x_wconf 92' lang='lat' dir='ltr'>qui</span> <span class='ocrx_word' id='word_1_230' title='bbox 1056 3471 1203 3551; x_wconf 89' lang='lat' dir='ltr'>sequitur</span> <span class='ocrx_word' id='word_1_231' title='bbox 1229 3469 1429 3548; x_wconf 85' lang='lat' dir='ltr'>uigesimam</span> 
     </span>
     <span class='ocr_line' id='line_1_32' title="bbox 234 3555 1430 3639; baseline -0.001 -22"><span class='ocrx_word' id='word_1_232' title='bbox 234 3556 346 3617; x_wconf 85' lang='lat' dir='ltr'>lunam</span> <span class='ocrx_word' id='word_1_233' title='bbox 373 3556 519 3636; x_wconf 89' lang='lat' dir='ltr'>precedit</span> <span class='ocrx_word' id='word_1_234' title='bbox 543 3557 723 3618; x_wconf 89' lang='lat' dir='ltr'>secundam</span> <span class='ocrx_word' id='word_1_235' title='bbox 755 3555 870 3618; x_wconf 86' lang='lat' dir='ltr'>seriam</span> <span class='ocrx_word' id='word_1_236' title='bbox 892 3559 1110 3639; x_wconf 85' lang='lat' dir='ltr'>rogationum.</span> <span class='ocrx_word' id='word_1_237' title='bbox 1141 3567 1175 3619; x_wconf 91' lang='lat' dir='ltr'>ct</span> <span class='ocrx_word' id='word_1_238' title='bbox 1201 3557 1228 3617; x_wconf 92' lang='lat' dir='ltr'>si</span> <span class='ocrx_word' id='word_1_239' title='bbox 1259 3555 1430 3618; x_wconf 91' lang='lat' dir='ltr'>bissextus</span> 
     </span>
     <span class='ocr_line' id='line_1_33' title="bbox 234 3642 489 3704; baseline -0.008 0"><span class='ocrx_word' id='word_1_240' title='bbox 234 3642 331 3704; x_wconf 88' lang='lat' dir='ltr'>suerit</span> <span class='ocrx_word' id='word_1_241' title='bbox 347 3642 398 3703; x_wconf 87' lang='lat' dir='ltr'>uel</span> <span class='ocrx_word' id='word_1_242' title='bbox 416 3663 489 3703; x_wconf 89' lang='lat' dir='ltr'>non.</span> 
     </span>
    </p>

    <p class='ocr_par' dir='ltr' id='par_1_17' title="bbox 234 3728 1434 4054">
     <span class='ocr_line' id='line_1_34' title="bbox 280 3728 1431 3812; baseline -0.002 -20"><span class='ocrx_word' id='word_1_243' title='bbox 280 3728 399 3792; x_wconf 89' lang='lat' dir='ltr'>Omnis</span> <span class='ocrx_word' id='word_1_244' title='bbox 434 3729 512 3791; x_wconf 91' lang='lat' dir='ltr'>luna</span> <span class='ocrx_word' id='word_1_245' title='bbox 549 3749 634 3809; x_wconf 92' lang='lat' dir='ltr'>quae</span> <span class='ocrx_word' id='word_1_246' title='bbox 672 3751 811 3792; x_wconf 90' lang='lat' dir='ltr'>accensa</span> <span class='ocrx_word' id='word_1_247' title='bbox 848 3730 946 3792; x_wconf 83' lang='lat' dir='ltr'>fuerit</span> <span class='ocrx_word' id='word_1_248' title='bbox 977 3752 996 3793; x_wconf 91' lang='lat' dir='ltr'>a</span> <span class='ocrx_word' id='word_1_249' title='bbox 1023 3732 1128 3812; x_wconf 92' lang='lat' dir='ltr'>pridie</span> <span class='ocrx_word' id='word_1_250' title='bbox 1159 3748 1321 3793; x_wconf 89' lang='lat' dir='ltr'>nonarum</span> <span class='ocrx_word' id='word_1_251' title='bbox 1356 3728 1431 3790; x_wconf 93' lang='lat' dir='ltr'>mai.</span> 
     </span>
     <span class='ocr_line' id='line_1_35' title="bbox 235 3815 1431 3898; baseline -0.002 -19"><span class='ocrx_word' id='word_1_252' title='bbox 235 3837 338 3898; x_wconf 88' lang='lat' dir='ltr'>usque</span> <span class='ocrx_word' id='word_1_253' title='bbox 354 3826 472 3896; x_wconf 86' lang='lat' dir='ltr'>quarta</span> <span class='ocrx_word' id='word_1_254' title='bbox 488 3837 647 3879; x_wconf 89' lang='lat' dir='ltr'>nonarum</span> <span class='ocrx_word' id='word_1_255' title='bbox 673 3818 760 3880; x_wconf 87' lang='lat' dir='ltr'>iunii.</span> <span class='ocrx_word' id='word_1_256' title='bbox 785 3818 969 3880; x_wconf 89' lang='lat' dir='ltr'>dominicus</span> <span class='ocrx_word' id='word_1_257' title='bbox 993 3820 1064 3881; x_wconf 90' lang='lat' dir='ltr'>dies</span> <span class='ocrx_word' id='word_1_258' title='bbox 1088 3818 1143 3898; x_wconf 91' lang='lat' dir='ltr'>qui</span> <span class='ocrx_word' id='word_1_259' title='bbox 1167 3817 1315 3898; x_wconf 88' lang='lat' dir='ltr'>sequitur</span> <span class='ocrx_word' id='word_1_260' title='bbox 1338 3815 1431 3878; x_wconf 90' lang='lat' dir='ltr'>illam</span> 
     </span>
     <span class='ocr_line' id='line_1_36' title="bbox 234 3902 1434 3987; baseline -0.002 -20"><span class='ocrx_word' id='word_1_261' title='bbox 234 3913 386 3985; x_wconf 87' lang='lat' dir='ltr'>quartam</span> <span class='ocrx_word' id='word_1_262' title='bbox 403 3902 515 3965; x_wconf 91' lang='lat' dir='ltr'>lunam</span> <span class='ocrx_word' id='word_1_263' title='bbox 540 3903 609 3966; x_wconf 91' lang='lat' dir='ltr'>dies</span> <span class='ocrx_word' id='word_1_264' title='bbox 633 3905 694 3966; x_wconf 89' lang='lat' dir='ltr'>erit</span> <span class='ocrx_word' id='word_1_265' title='bbox 717 3915 934 3987; x_wconf 76' lang='lat' dir='ltr'>pentecostes.</span> <span class='ocrx_word' id='word_1_266' title='bbox 959 3907 1041 3967; x_wconf 89' lang='lat' dir='ltr'>etsi</span> <span class='ocrx_word' id='word_1_267' title='bbox 1066 3906 1233 3968; x_wconf 90' lang='lat' dir='ltr'>bissextus</span> <span class='ocrx_word' id='word_1_268' title='bbox 1257 3903 1355 3965; x_wconf 89' lang='lat' dir='ltr'>suerit</span> <span class='ocrx_word' id='word_1_269' title='bbox 1379 3902 1434 3965; x_wconf 87' lang='lat' dir='ltr'>uel</span> 
     </span>
     <span class='ocr_line' id='line_1_37' title="bbox 235 4013 310 4054; baseline 0.013 -1"><span class='ocrx_word' id='word_1_270' title='bbox 235 4013 310 4054; x_wconf 90' lang='lat' dir='ltr'>non.</span> 
     </span>
    </p>
   </div>
   <div class='ocr_carea' id='block_1_9' title="bbox 234 4076 1436 4330">
    <p class='ocr_par' dir='ltr' id='par_1_18' title="bbox 234 4076 1436 4330">
     <span class='ocr_line' id='line_1_38' title="bbox 279 4076 1436 4172; baseline -0.003 -17"><span class='ocrx_word' id='word_1_271' title='bbox 279 4091 398 4155; x_wconf 89' lang='lat' dir='ltr'>Omnis</span> <span class='ocrx_word' id='word_1_272' title='bbox 415 4092 493 4154; x_wconf 90' lang='lat' dir='ltr'>luna</span> <span class='ocrx_word' id='word_1_273' title='bbox 508 4111 594 4171; x_wconf 90' lang='lat' dir='ltr'>quae</span> <span class='ocrx_word' id='word_1_274' title='bbox 610 4111 749 4153; x_wconf 89' lang='lat' dir='ltr'>accensa</span> <span class='ocrx_word' id='word_1_275' title='bbox 765 4091 862 4154; x_wconf 84' lang='lat' dir='ltr'>fuerit</span> <span class='ocrx_word' id='word_1_276' title='bbox 884 4112 904 4154; x_wconf 90' lang='lat' dir='ltr'>a</span> <span class='ocrx_word' id='word_1_277' title='bbox 928 4093 984 4154; x_wconf 91' lang='lat' dir='ltr'>xvi</span> <span class='ocrx_word' id='word_1_278' title='bbox 1003 4078 1051 4155; x_wconf 59' lang='lat' dir='ltr'>H</span> <span class='ocrx_word' id='word_1_279' title='bbox 1075 4093 1153 4155; x_wconf 87' lang='lat' dir='ltr'>sehr.</span> <span class='ocrx_word' id='word_1_280' title='bbox 1177 4112 1282 4172; x_wconf 91' lang='lat' dir='ltr'>usquc</span> <span class='ocrx_word' id='word_1_281' title='bbox 1306 4091 1364 4153; x_wconf 90' lang='lat' dir='ltr'>xvi</span> <span class='ocrx_word' id='word_1_282' title='bbox 1383 4076 1436 4153; x_wconf 68' lang='lat' dir='ltr'>id.</span> 
     </span>
     <span class='ocr_line' id='line_1_39' title="bbox 235 4177 1435 4259; baseline -0.001 -18"><span class='ocrx_word' id='word_1_283' title='bbox 235 4182 342 4244; x_wconf 88' lang='lat' dir='ltr'>martii</span> <span class='ocrx_word' id='word_1_284' title='bbox 367 4180 553 4244; x_wconf 91' lang='lat' dir='ltr'>dominicus</span> <span class='ocrx_word' id='word_1_285' title='bbox 575 4178 646 4240; x_wconf 86' lang='lat' dir='ltr'>dies</span> <span class='ocrx_word' id='word_1_286' title='bbox 669 4180 724 4259; x_wconf 94' lang='lat' dir='ltr'>qui</span> <span class='ocrx_word' id='word_1_287' title='bbox 748 4179 896 4259; x_wconf 89' lang='lat' dir='ltr'>sequitur</span> <span class='ocrx_word' id='word_1_288' title='bbox 919 4180 1008 4242; x_wconf 88' lang='lat' dir='ltr'>illam</span> <span class='ocrx_word' id='word_1_289' title='bbox 1033 4181 1198 4244; x_wconf 86' lang='lat' dir='ltr'>decimam</span> <span class='ocrx_word' id='word_1_290' title='bbox 1222 4179 1337 4240; x_wconf 90' lang='lat' dir='ltr'>lunam</span> <span class='ocrx_word' id='word_1_291' title='bbox 1361 4177 1435 4241; x_wconf 90' lang='lat' dir='ltr'>dies</span> 
     </span>
     <span class='ocr_line' id='line_1_40' title="bbox 234 4265 981 4330; baseline 0.001 -2"><span class='ocrx_word' id='word_1_292' title='bbox 234 4272 295 4330; x_wconf 90' lang='lat' dir='ltr'>erit</span> <span class='ocrx_word' id='word_1_293' title='bbox 311 4268 430 4330; x_wconf 81' lang='lat' dir='ltr'>lxxmae</span> <span class='ocrx_word' id='word_1_294' title='bbox 446 4276 479 4329; x_wconf 88' lang='lat' dir='ltr'>et</span> <span class='ocrx_word' id='word_1_295' title='bbox 495 4266 521 4327; x_wconf 84' lang='lat' dir='ltr'>si</span> <span class='ocrx_word' id='word_1_296' title='bbox 540 4265 707 4327; x_wconf 87' lang='lat' dir='ltr'>bissextus</span> <span class='ocrx_word' id='word_1_297' title='bbox 724 4265 820 4328; x_wconf 85' lang='lat' dir='ltr'>suerit</span> <span class='ocrx_word' id='word_1_298' title='bbox 836 4268 888 4329; x_wconf 92' lang='lat' dir='ltr'>uel</span> <span class='ocrx_word' id='word_1_299' title='bbox 906 4287 981 4330; x_wconf 93' lang='lat' dir='ltr'>non.</span> 
     </span>
    </p>
   </div>
   <div class='ocr_carea' id='block_1_10' title="bbox 0 0 1537 5092">
    <p class='ocr_par' dir='ltr' id='par_1_19' title="bbox 0 0 1537 5092">
     <span class='ocr_line' id='line_1_41' title="bbox 0 0 1537 5092; baseline 0 0"><span class='ocrx_word' id='word_1_300' title='bbox 0 0 1537 5092; x_wconf 95' lang='lat' dir='ltr'> </span> 
     </span>
    </p>
   </div>
  </div>
 </body>
</html>
