3046 5092
176 282 223 347 158
373 282 445 333 1111.
463 280 552 333 NON.
575 282 658 335 ΗΒ.
682 284 931 339 PURIFICATIO
955 286 984 339 S.
1013 286 1176 341 Mauras.

651 493 900 561 Bausorcmo.

217 605 362 670 Domine
376 614 492 669 sancte
513 615 609 689 pater
628 607 843 689 omnipotens
864 616 999 673 aeterne
1013 609 1104 674 deus
1119 610 1317 679 benedicere
1337 622 1370 679 et

172 690 377 757 sanctificare
392 691 537 775 digneris
558 692 670 775 ignem
688 693 798 757 istum.
814 712 914 776 quem
931 713 992 758 nos
1014 695 1143 781 indigni
1163 700 1368 783 suscepimus

172 801 231 865 per
256 778 501 843 inuocationem
529 778 690 861 unigeniti
714 777 772 842 filii
798 780 847 844 tui
869 781 997 846 domini
1024 784 1128 848 nostri
1154 784 1226 850 iesu
1248 785 1367 852 christi

71 891 77 905 ·
171 885 271 950 quem
298 864 398 929 hodie
424 865 456 929 in
483 864 612 948 templo
641 876 905 949 representatum
939 868 1062 933 iustum
1094 890 1292 954 symeonem
1311 874 1366 939 diu

170 960 407 1035 expectantem
445 952 478 1015 in
514 951 611 1016 ulnas
635 953 821 1036 suscepisse
852 954 1014 1019 nouimus.
1039 966 1073 1021 et
1101 958 1249 1023 salutare
1273 970 1365 1025 tuum

169 1050 249 1105 ante
264 1039 381 1103 faciem
404 1038 555 1103 omnium
578 1038 777 1123 populorum
799 1060 872 1103 esse
894 1040 1007 1105 lumen
1021 1042 1149 1109 scilicet
1162 1046 1320 1129 gentibus
1332 1056 1364 1111 et

168 1126 308 1211 gloriam
324 1124 413 1208 plebi
424 1134 502 1189 tuae
517 1124 637 1189 israhel
652 1124 848 1210 prophetico
858 1128 975 1211 spiritu
985 1128 1128 1195 docuisti
1144 1140 1363 1215 tequesumus

169 1215 305 1279 domine
320 1213 514 1276 benedicere
536 1212 682 1296 digneris
705 1211 817 1277 lumen
840 1215 929 1279 istud
945 1224 980 1279 et
994 1216 1151 1282 omnibus
1170 1218 1360 1297 eumtmanu

167 1299 383 1384 gestantibus.
409 1298 473 1361 hoc
499 1318 613 1363 uerum
638 1298 750 1363 lumen
775 1310 853 1364 tuae
883 1302 1067 1368 maiestatis
1089 1307 1248 1371 concede.
1274 1318 1311 1373 ut
1331 1316 1360 1373 te

166 1395 386 1470 agnoscentes
402 1405 462 1469 per
475 1384 565 1449 uiam
586 1385 747 1450 uirtutum
758 1386 802 1451 ad
818 1397 852 1451 te
867 1388 1001 1453 ualeant
1015 1392 1199 1474 peruenire
1215 1412 1281 1477 per.

679 1544 763 1609 Iam
777 1545 856 1609 alia.

211 1657 357 1723 Domine
403 1656 473 1720 iesu
519 1653 639 1720 christe
680 1655 737 1738 qui
785 1655 963 1721 inluminas
1018 1680 1154 1726 omnem
1195 1662 1350 1728 hominem

168 1746 371 1827 luenientem
419 1742 453 1805 in
499 1741 588 1806 hunc
625 1743 788 1808 mundum
827 1742 961 1808 effunde
990 1765 1173 1828 quesumus
1212 1746 1269 1837 [so.
1293 1764 1348 1830 ιη

165 1831 431 1899 benedictionem
454 1839 547 1893 tuam
571 1849 670 1913 super
690 1830 752 1893 hos
767 1849 886 1894 cereos
902 1841 936 1896 et
960 1832 1132 1899 sanctifica
1157 1855 1217 1901 eos
1241 1837 1347 1901 lumine

164 1920 292 2003 gratiae
307 1928 392 1981 tuae.
408 1926 442 1981 et
457 1917 603 1981 concede
618 1916 790 2000 propitius
807 1927 844 1981 ut
867 1918 952 1982 sicut
976 1918 1058 1985 haec
1084 1922 1262 1987 luminaria
1281 1923 1344 2007 igne

165 2003 285 2071 uisibili
310 2000 472 2069 accende†
487 2014 665 2067 nocturnas
688 2002 860 2086 depellunt
885 2007 1047 2071 tenebras
1063 2007 1112 2073 ita
1126 2010 1230 2075 corda
1250 2018 1343 2074 nossa

164 2091 321 2158 inuisibili
337 2092 415 2173 igne
430 2089 463 2153 id
479 2100 530 2153 est
551 2091 658 2154 sancti
680 2090 815 2173 spiritus
838 2090 1015 2174 splendore
1030 2094 1197 2171 inlustra's
1212 2107 1248 2162 ut
1267 2092 1341 2161 omni

165 2181 321 2245 uitiorum
346 2178 486 2241 cecitate
509 2186 653 2241 careant.
679 2186 714 2239 et
740 2187 883 2260 purgato
908 2181 1029 2243 mentis
1054 2182 1153 2247 oculo
1175 2198 1339 2248 eaeernere

164 2286 296 2349 semper
325 2263 491 2347 possimus
520 2283 606 2345 quae
639 2262 700 2327 tibi
733 2283 865 2347 semper
895 2274 973 2329 sunt
1006 2266 1130 2350 placita
1163 2280 1198 2335 et
1229 2278 1338 2335 nostrae

163 2352 262 2418 saluti
293 2350 394 2414 utilia.
425 2350 582 2432 quatinus
611 2349 777 2432 possimus
810 2350 932 2416 saeculi
965 2353 1148 2438 caliginosa
1170 2355 1335 2421 discrimine

162 2441 320 2504 deuitare.
335 2446 369 2501 et
392 2438 435 2500 ad
458 2435 565 2500 lucem
589 2434 832 2502 indeficientem
856 2440 1028 2521 peruenire
1044 2462 1237 2509 mereamur.
1251 2448 1334 2526 perte

161 2548 238 2591 iesu.

721 2669 806 2732 Alia.

206 2783 429 2864 Omnipotens
463 2781 664 2861 sempiterne
698 2781 778 2843 deus
809 2782 866 2862 qui
897 2802 1034 2865 moysen
1066 2785 1226 2850 famulum
1257 2796 1326 2848 tuum

161 2871 373 2956 purissimum
401 2867 464 2930 olei
486 2867 646 2947 liquorem
672 2868 713 2930 ad
738 2867 912 2930 luminaria
935 2880 1011 2932 ante
1027 2886 1241 2955 conspectum
1256 2882 1325 2934 tuum

160 2960 280 3041 iugiter
295 2956 502 3019 concinendo
518 2973 713 3035 praeparare
726 2954 848 3016 iussisti
866 2955 1106 3020 benedictionis
1123 2971 1199 3023 tuae
1213 2956 1324 3042 gratiam

160 3066 258 3128 super
289 3044 350 3106 hos
373 3062 484 3105 cereos
507 3040 670 3120 benignus
694 3040 838 3104 infunde.
867 3043 1024 3124 quatinus
1050 3046 1097 3107 sic
1124 3048 1324 3110 administrent

159 3134 270 3196 lumen
298 3130 453 3192 exterius,
469 3136 505 3190 ut
532 3137 565 3189 te
581 3128 728 3189 donante
744 3127 854 3190 lumen
878 3131 1013 3212 spiritus
1029 3133 1077 3194 tui
1103 3134 1136 3195 in
1153 3134 1263 3197 nostris
1276 3143 1322 3190 non

158 3220 245 3283 desit
262 3216 427 3280 mentibus
441 3215 583 3277 interius.
602 3234 666 3295 per.

717 3378 804 3440 Alia.

201 3492 337 3557 Domini
374 3491 441 3550 iesu
476 3488 596 3550 christe
622 3498 750 3550 creator
776 3489 857 3551 caeli
888 3501 922 3552 et
952 3501 1068 3554 terrae.
1094 3514 1153 3556 rex
1179 3508 1278 3574 regum
1296 3492 1318 3544 el

156 3582 310 3644 dominus
334 3577 586 3638 dominantium.
614 3576 736 3637 exaudi
765 3596 825 3637 nos
852 3578 1006 3658 indignos
1031 3579 1174 3643 famulos
1196 3571 1319 3643 tuoscla·

157 3677 284 3730 mantes
301 3665 342 3726 ad
360 3672 448 3725 teet
465 3672 598 3723 orantes
622 3672 663 3723 te.
710 3663 905 3725 Praecamur
933 3674 965 3726 te
981 3667 1117 3729 domine
1140 3669 1319 3750 omnipotens

154 3764 287 3816 aeterne
299 3753 379 3814 deus
392 3749 448 3829 qui
461 3749 573 3810 omnia
589 3770 632 3810 ex
650 3748 751 3811 nihilo
767 3752 891 3812 creasti.
905 3761 938 3813 et
955 3753 1043 3816 iussu
1060 3766 1120 3817 tuo
1135 3776 1232 3838 opere
1244 3763 1317 3833 apum

156 3840 240 3903 hanc
266 3857 373 3901 ceram
401 3835 533 3897 euenire
561 3834 673 3897 fecisti.
691 3846 724 3898 et
751 3837 807 3917 qui
833 3837 992 3902 hodierna
1007 3841 1062 3904 die
1087 3843 1165 3905 iusti
1181 3831 1317 3924 symeonis

153 3928 347 4011 petitionem
379 3921 522 4003 implesti
554 3931 587 3984 te
613 3921 747 3985 domine
770 3924 939 3987 humiliter
965 3928 1203 4008 depraecamur
1226 3936 1257 3989 ut
1276 3922 1317 4016 hii

153 4013 315 4077 candelas.
332 4012 374 4073 ad
399 4029 494 4071 usum
511 4008 683 4070 hominum
701 4021 734 4072 et
750 4011 935 4075 animarum
952 4014 1022 4076 siue
1044 4016 1076 4076 in
1101 4026 1194 4079 terra
1219 4014 1277 4076 siue
1295 4020 1317 4065 ιη

151 4101 253 4183 aquis.
270 4119 328 4180 per
344 4097 588 4159 inuocationem
605 4097 802 4158 sanctissimi
828 4100 969 4161 nominis
985 4101 1041 4163 tui.
1058 4112 1092 4164 et
1116 4123 1175 4183 per
1196 4102 1318 4163 interces-

151 4190 278 4250 sionem
309 4192 443 4246 sanctae
474 4183 610 4262 mariaes
633 4184 799 4263 genitricis
824 4194 901 4248 tuae
927 4188 1020 4250 cuius
1050 4188 1150 4251 hodie
1181 4185 1233 4273 [io.
1252 4196 1317 4260 113v·

152 4274 235 4337 festa
262 4271 461 4355 percolimus
488 4289 546 4351 per
572 4289 770 4352 praecesque
808 4274 956 4336 omniurn
989 4285 1179 4338 sanctorum
1213 4282 1318 4337 tuonun

152 4361 345 4425 benedicere
371 4367 404 4419 et
435 4355 640 4419 sanctificare
665 4357 819 4438 digneris.
850 4373 885 4423 ut
916 4361 1013 4425 huius
1040 4361 1145 4444 plebis
1169 4373 1243 4426 tuae
1265 4355 1319 4420 illas

149 4445 328 4512 honorifice
343 4453 515 4529 portantes
530 4444 562 4505 in
582 4443 732 4507 manibus
748 4448 924 4511 cantando.
941 4456 1040 4531 teque
1056 4449 1229 4513 laudando.
1244 4458 1320 4511 uoces
