3046 5092
523 280 578 330 DE
603 280 779 331 COMPUTO
805 281 1104 331 ECCLESIASTICO.

345 434 500 516 Septenis
517 443 609 514 patet
625 433 686 495 hos
702 435 890 516 pariterque
907 433 1046 516 flagrare
1062 433 1222 500 kalendis

345 519 485 584 Octonis
502 541 597 601 pares
614 541 744 583 menses
765 530 842 584 sunt
858 520 968 584 idibus
983 541 1107 584 omnes.

347 609 447 670 Ianus
463 618 496 669 et
512 617 649 688 agustus
665 628 796 689 semper
811 609 1001 689 mensisque
1015 607 1201 672 december.

346 694 537 759 Uoluuntur
553 695 646 757 denis
662 703 794 756 tantum
814 695 976 777 nonisque
991 694 1151 758 kalendis.

344 782 393 844 At
408 792 525 844 contra
539 791 673 844 currunt
689 781 740 844 bis
757 783 852 844 nonis
868 782 929 845 rite
945 781 1106 845 kalendis

346 869 459 930 lunius
475 867 594 948 aprelis
610 865 799 949 september
814 877 848 931 et
863 869 934 949 ipse
950 869 1139 933 nouember.

343 955 484 1020 Sedenis
499 953 632 1017 febmus
647 956 714 1017 cito
729 955 819 1017 solus
834 955 877 1018 ab
892 955 1048 1017 omnibus
1063 965 1158 1020 errat.

344 1042 400 1104 Bis
415 1043 502 1104 senis
518 1043 565 1104 sic
580 1042 646 1104 iam
663 1051 791 1104 rotatur
806 1041 975 1105 mensibus
991 1062 1106 1106 annus.

344 1129 406 1191 Per
421 1148 526 1191 nonas
541 1129 681 1209 idusque
696 1129 873 1192 decurrens
893 1137 994 1210 atque
1010 1128 1179 1194 kalendas.

344 1265 474 1328 Primis¹
491 1284 645 1327 romanas
660 1264 777 1327 ordiris
793 1265 868 1327 iane
877 1263 1038 1342 kalende†

343 1351 474 1414 Februa
490 1352 599 1414 uicino
615 1371 730 1414 mense
746 1372 848 1414 numa
863 1353 1015 1415 instituit.

343 1439 484 1501 Martius
497 1439 624 1519 antiqui
637 1439 818 1520 primordia
834 1440 971 1520 protulit
987 1439 1073 1502 anni.

344 1522 569 1598 Loetileruntl
584 1524 721 1606 aprilem
739 1525 895 1589 uendicat
910 1526 1000 1589 alma
1016 1546 1129 1590 uenus.

343 1613 507 1675 Maiorum
525 1613 649 1675 ducens
665 1622 797 1693 patrum
814 1614 856 1677 de
872 1614 1006 1675 nomine
1022 1614 1138 1677 maius.

342 1699 457 1762 Iunius
473 1699 591 1761 aetatis
608 1700 781 1780 proximus
797 1709 848 1762 est
864 1700 969 1763 titulo.

342 1786 486 1849 Nomine
501 1806 655 1848 caesareo
671 1785 845 1866 quintilem
862 1788 985 1849 mensis
1000 1787 1154 1870 adauget

341 1872 515 1954 Augustus
532 1892 653 1934 nomen
670 1892 859 1935 caesareum
875 1874 1031 1956 sequitur.

339 1958 576 2040 Autumpnum
592 1956 711 2042 pomal
727 1968 842 2022 uatum
859 1959 1048 2043 septembre
1064 1969 1209 2043 uegetas.

339 2047 485 2108 Triticeo
500 2046 670 2109 octember
685 2045 818 2109 soenore
833 2044 940 2120 dicati
955 2067 1060 2128 agros.

341 2131 458 2197 Sidera
474 2133 673 2214 praecipitas
688 2132 809 2215 pelago
827 2135 1028 2216 intempesta
1044 2133 1233 2197 nouember.

341 2219 494 2283 Imbriser
509 2229 543 2282 at
560 2221 682 2282 mensis
698 2229 769 2282 tum
786 2220 963 2283 december
978 2223 1082 2284 adest.

254 2372 309 2437 Kl.
324 2372 404 2454 aprl.
429 2373 549 2435 dicitur
573 2393 645 2435 esse
669 2372 765 2436 sedes
789 2383 1002 2454 aepactamm
1029 2375 1108 2455 quia
1130 2385 1274 2456 quantos
1290 2379 1414 2441 aetatis

208 2460 308 2523 lunae
323 2460 389 2523 illic
416 2460 580 2521 inueneris
605 2469 656 2522 tot
680 2470 836 2542 aepactas
860 2460 999 2523 habebis
1025 2461 1057 2523 in
1083 2462 1156 2543 ipso
1182 2481 1271 2526 anno
1293 2466 1410 2546 procul

210 2557 338 2610 remota
354 2549 444 2608 omni
461 2546 639 2609 dubietate.

256 2633 309 2696 Kl.
327 2634 405 2715 aprl.
422 2635 542 2696 dicitur
557 2654 628 2697 esse
644 2634 735 2695 locus
751 2635 1016 2697 concurrentium
1033 2635 1111 2715 quia
1126 2634 1234 2716 quod†
1250 2636 1347 2700 ferias
1363 2639 1408 2702 ibi

209 2730 393 2783 transactas
410 2721 558 2783 inuenies
575 2743 618 2782 ex
642 2730 721 2783 tunc
746 2722 911 2802 praesenti
935 2721 1009 2784 ebd.
1033 2731 1083 2784 tot
1107 2734 1340 2787 concurrentes
1374 2727 1407 2788 in

210 2810 283 2890 ipso
300 2829 388 2870 anno
404 2808 560 2870 inuenies.

254 2894 320 2976 [S]i
348 2896 548 2976 inuestigare
582 2893 724 2956 uolueris
751 2894 926 2957 cuiuslibet
959 2896 1037 2957 anni
1071 2906 1303 2959 concurrentes
1331 2908 1411 2962 tene

212 2983 402 3045 memoriter
418 2982 459 3044 kl.
476 2981 555 3062 aprl.
573 2982 651 3042 anni
668 2983 851 3062 praesentis
867 2992 901 3044 et
916 2992 1020 3063 quota
1037 2982 1117 3045 seria
1132 2982 1253 3046 luerint
1270 2985 1312 3047 kl.
1327 2988 1408 3067 aprl.

211 3079 260 3131 tot
277 3078 507 3130 concurrentes
522 3069 567 3145 lin
585 3069 657 3149 ipso
673 3089 761 3130 anno
777 3081 881 3131 erunt.
1261 3071 1317 3153 [fo.
1335 3091 1408 3137 κον.

256 3156 291 3220 Si
308 3156 418 3217 subito
443 3167 599 3236 aepactas
623 3155 791 3235 sequentis
816 3153 928 3226 annis†
945 3156 1144 3237 inuestigare
1169 3157 1313 3221 uolueris
1330 3171 1409 3224 tene

209 3252 365 3324 aepactas
390 3244 467 3304 anni
493 3243 675 3322 praesentis
699 3252 732 3304 et
758 3244 845 3305 adde
873 3244 907 3304 xi
924 3252 958 3304 et
974 3245 1020 3304 ita
1044 3245 1216 3325 repperies.
1241 3246 1269 3306 si
1293 3259 1406 3311 autem

210 3332 297 3394 ultra
333 3351 417 3391 xxx.
445 3329 630 3390 exercuerit
663 3329 820 3391 subtrahe
850 3350 935 3391 xxx.
963 3338 996 3390 et
1027 3341 1109 3410 quot
1139 3335 1335 3396 remanserit
1362 3357 1406 3397 ex

212 3437 350 3481 numero
366 3437 459 3478 sume
475 3426 509 3476 et
531 3417 602 3496 ipsa
618 3415 679 3476 erit
694 3416 841 3477 eiusdem
858 3417 936 3478 anni
953 3428 1091 3497 aepacta
1107 3420 1148 3480 de
1164 3439 1230 3500 qua
1245 3423 1386 3500 quaeris

253 3506 427 3585 Coniunge
457 3503 621 3583 regulares
652 3503 855 3584 singulorum
885 3505 1047 3565 mensium
1079 3514 1112 3566 et
1142 3517 1297 3587 aepactas
1329 3512 1408 3572 anni

208 3595 368 3674 cuiusque
384 3601 417 3652 et
433 3592 459 3651 si
477 3612 562 3651 xxx.
579 3589 701 3650 suerint
726 3591 797 3670 ipsa
824 3600 875 3651 est
899 3599 991 3652 aetas
1017 3591 1114 3653 lunae
1130 3613 1229 3673 super
1245 3593 1407 3659 kalendis.

207 3684 233 3744 si
259 3680 401 3761 amplius
426 3699 511 3739 xxx.
528 3677 607 3739 tolle
631 3698 718 3738 xxx.
744 3686 777 3738 et
801 3687 883 3756 quot
910 3688 1103 3740 remaneant
1134 3680 1206 3760 ipsa
1232 3694 1283 3743 est
1314 3695 1409 3746 aetas

207 3772 292 3832 lune.

251 3851 520 3933 Mementoquod
531 3870 619 3912 anno
630 3851 1096 3913 nouissimodecennouenalis
1107 3851 1219 3915 lunam
1232 3858 1409 3920 nouembri

207 3943 329 4006 mensis
357 3941 454 4002 xxix.
479 3947 614 4020 propter
641 3935 714 4018 qui†
736 3957 777 3998 eo
802 3957 890 4000 anno
916 3939 1110 4001 inserendus
1134 3949 1184 4002 est
1211 3955 1411 4024 computare

206 4030 401 4196 degeridbtos
412 4114 482 4174 dies
495 4121 572 4173 ante
585 4111 690 4186 pridie
704 4111 777 4174 idus
786 4110 898 4192 aprilis
908 4110 1061 4173 habueris
1073 4113 1326 4193 pascha.tantos
1337 4120 1412 4182 dies

205 4215 281 4286 post
308 4200 469 4265 kalendas
495 4200 603 4260 martii
629 4198 767 4260 habebis
791 4198 876 4259 xlma.
894 4208 928 4260 et
954 4210 1098 4279 quantos
1121 4202 1191 4262 dies
1208 4214 1284 4283 post
1301 4207 1411 4286 pridie

207 4293 281 4356 idus
297 4288 409 4373 aprilis
425 4286 578 4349 habueris
596 4285 720 4366 pascha
736 4295 848 4348 tantos
865 4285 935 4347 dies
951 4296 1027 4367 post
1043 4286 1280 4364 kalendarum
1296 4297 1410 4358 martii

529 4467 535 4499 ¹
549 4472 683 4521 Corrected
696 4481 722 4520 to
735 4473 840 4519 Primus
852 4471 885 4534 by
899 4471 961 4520 later
972 4472 1048 4523 hand.
