3046 5092
542 283 589 334 IN
604 282 799 334 LAETANIA
822 283 981 335 MAIORE.

723 494 814 559 Αῖὶα.

213 600 346 662 Praesta
376 617 556 680 quesumus
586 597 800 680 omnipotens
832 601 914 663 deus
945 609 983 663 ut
1010 600 1053 663 ad
1092 610 1125 663 te
1163 610 1237 664 toto
1272 601 1369 664 corde

169 686 350 749 clamantes
374 686 599 748 intercedente
623 686 722 748 beato
745 695 841 767 petro
863 687 1018 768 apostolo
1041 698 1108 750 tuo.
1141 697 1219 751 tuae
1241 690 1371 772 pietatis

169 773 409 855 indulgentiam
432 792 679 853 consequamur.
696 792 762 853 per.

654 951 715 1014 Ao
743 951 902 1015 M1ssnu.

212 1090 347 1152 Praesta
383 1109 563 1170 quesumus
593 1089 806 1170 omnipotens
836 1088 927 1151 deus.
959 1097 997 1152 ut
1026 1090 1083 1172 qui
1121 1091 1153 1154 in
1192 1091 1369 1155 afflictione

168 1188 280 1240 nostra
310 1178 351 1239 de
381 1187 439 1238 tua
469 1176 593 1257 pietate
623 1174 822 1238 confidimus
847 1187 963 1239 contra
993 1177 1133 1241 aduersa
1166 1180 1283 1241 omnia
1311 1190 1369 1242 tua

167 1285 297 1345 semper
312 1263 516 1346 protectione
534 1263 729 1325 muniamur.
777 1262 839 1324 Per
850 1264 1024 1326 dominum
1041 1275 1202 1328 nostrum.

699 1398 836 1461 Secreta.

210 1505 305 1568 Haec
318 1524 455 1566 munera
470 1503 604 1566 domine
628 1522 816 1584 quesumus
835 1511 869 1565 et
891 1503 1024 1567 uincula
1040 1513 1172 1567 nostrae
1195 1506 1372 1588 prauitatis

165 1591 348 1654 absoluant.
379 1601 412 1653 et
439 1600 516 1652 tuae
546 1589 642 1652 nobis
680 1589 923 1653 misericordiae
960 1592 1049 1654 dona
1085 1592 1274 1657 concilient
1311 1614 1371 1676 per

165 1679 336 1742 dominum
354 1687 511 1740 nostrum.

674 1791 856 1873 Praefatia

204 1899 253 1962 d)
277 1907 409 1960 aeterne
431 1895 521 1958 deus.
568 1895 614 1958 Et
636 1903 671 1957 te
693 1905 863 1957 auctorem
886 1904 920 1958 et
943 1895 1223 1963 sanctificatorem
1248 1900 1373 1966 ieiunii.

161 1984 357 2048 collaudare.
375 2003 432 2064 per
447 1983 536 2063 quod
551 2002 610 2043 nos
627 1981 775 2045 liberasa
791 1992 979 2046 nostrorum
997 1984 1127 2047 delictis
1142 1997 1370 2068 peccatorum.

162 2072 252 2152 Ergo
273 2072 401 2152 suscipe
417 2069 632 2131 ieiunantium
648 2089 790 2151 praeces.
806 2079 905 2150 atque
921 2081 958 2133 ut
982 2090 1042 2133 nos
1057 2092 1077 2133 a
1100 2073 1196 2135 malis
1211 2075 1372 2139 omnibus

161 2158 357 2241 propitiatus
379 2157 505 2239 eripias.
530 2156 721 2236 iniquitates
743 2166 873 2219 nostras
896 2157 1017 2238 quibus
1042 2159 1161 2222 merito
1182 2159 1369 2243 affligimur

160 2246 310 2328 placatus
325 2244 469 2308 absolue.
491 2263 550 2325 per
565 2242 733 2305 christum.

610 2395 673 2459 Ad
682 2396 908 2478 complendum.

203 2504 294 2567 Uota
310 2509 422 2563 nostra
438 2520 617 2581 quesumus
634 2500 769 2562 domine
786 2502 841 2582 pio
867 2500 979 2563 fauore
1004 2522 1213 2584 prosequere.
1232 2515 1269 2569 ut
1287 2508 1368 2571 dum

159 2592 248 2652 <lona
273 2602 329 2651 tua
356 2589 386 2649 in
414 2588 627 2649 tribulatione
654 2589 860 2668 percipimus
885 2589 928 2650 de
955 2591 1199 2673 consos'latione
1231 2590 1291 2676 [fo.
1319 2597 1369 2659 80.

160 2688 271 2740 nostra
289 2677 320 2737 in
339 2686 396 2737 tuo
412 2694 525 2736 amore
542 2694 735 2736 crescamus,
756 2695 815 2755 per
830 2674 1012 2738 dominum.

638 2810 700 2873 Ad
711 2822 883 2891 uesperum.

202 2917 385 2979 Praetende
412 2914 506 2975 nobis
531 2914 665 2975 domine
691 2915 949 2977 misericordiam
975 2925 1078 2978 tuam.
1102 2925 1137 2978 ut
1161 2938 1251 2999 quae
1280 2923 1371 2986 uotis

157 3006 346 3086 expetimus
363 3003 613 3064 conuersatione
630 3001 688 3063 tibi
705 3000 829 3082 placita
844 3022 1093 3084 consequamur.
1105 3024 1164 3086 per
1180 3007 1371 3074 dominum.

575 3192 669 3253 Isau
695 3206 735 3253 tu
760 3206 849 3255 num
873 3208 944 3256 nus.

200 3323 423 3387 Clamantium
440 3323 482 3384 ad
500 3331 532 3383 te
548 3342 728 3401 quesumus
744 3323 878 3384 domine
894 3344 1027 3404 praeces
1041 3325 1221 3406 dignanter
1230 3334 1375 3395 exaudi.

156 3423 191 3474 ut
208 3413 291 3472 sicut
314 3411 459 3470 niniuitis
477 3410 507 3469 in
525 3407 701 3470 afflictione
726 3410 843 3490 positis
869 3411 1052 3492 pepercisti.
1078 3413 1124 3474 ita
1149 3423 1182 3475 et
1208 3419 1312 3481 nobis
1340 3421 1373 3482 in

156 3498 319 3582 praesenti
337 3496 549 3557 tribulatione
564 3515 741 3557 succurras.
758 3516 824 3577 per.

687 3631 823 3695 Secreta.

198 3747 387 3828 Quesumus
418 3743 552 3805 domine
583 3743 703 3805 nostris
735 3744 866 3825 placare
898 3747 1099 3814 muneribus
1129 3753 1296 3831 quoniam
1333 3767 1370 3819 tu

154 3836 271 3899 eadem
288 3834 403 3896 tribuis
420 3844 455 3893 ut
472 3828 638 3913 placaris.†
654 3851 712 3911 per
727 3832 908 3895 dominum.

663 3970 844 4050 Praefatae.

198 4091 247 4153 d)
264 4098 395 4149 aeterne
412 4086 500 4147 deus
548 4085 592 4146 Et
610 4084 817 4147 maiestatem
842 4095 934 4150 tuam
952 4090 1146 4172 suppliciter
1160 4112 1316 4160 exorare.
1334 4107 1370 4159 ut

154 4198 219 4239 non
248 4197 307 4237 nos
335 4183 465 4235 nostrae
491 4172 637 4233 malitiae
662 4172 719 4233 sed
752 4172 979 4254 indulgentiae
1011 4181 1205 4259 praeueniat
1233 4203 1369 4266 semper

153 4265 297 4325 affectus.
315 4262 369 4341 qui
387 4281 447 4322 nos
463 4279 482 4320 a
499 4258 608 4320 noxiis
625 4258 852 4339 uoluptatibus
870 4262 1093 4327 indesinenter
1107 4268 1281 4347 expediat.
1299 4282 1368 4333 eta

155 4349 329 4411 mundanis
359 4346 508 4409 cladibus
539 4346 715 4426 dignanter
741 4347 867 4429 eripiat.
915 4349 977 4412 Per
1003 4350 1162 4416 christum
1188 4356 1367 4422 dominum

154 4448 310 4499 nostrum.
