3046 5092
405 342 519 394 mssa
542 342 600 393 AB
619 340 786 393 Sponsas
804 340 1113 393 BESEDICEA'DAS.
1319 350 1368 407 ²⁶9

612 492 677 557 Ad
692 492 920 575 complendum.

202 601 300 686 Quos
331 599 474 663 refecisti
504 598 643 661 domine
671 597 808 659 caelesti
839 598 999 677 mysterio
1028 600 1169 681 propriis
1193 611 1227 664 et
1249 600 1366 664 alienis

154 709 342 773 quesumus
367 686 570 769 propitiatus
592 683 733 747 absolue
756 683 897 746 delictis
912 696 948 746 ut
971 685 1086 748 diuino
1101 707 1237 750 munere
1253 688 1365 771 purifi-

155 779 243 841 catis
260 774 430 839 mentibus
445 771 663 855 perfruamur.
679 791 746 852 per.

423 965 544 1027 Mrssn
569 976 641 1026 mo
664 962 889 1027 Cosconnra
914 963 1110 1027 Fnamru.

203 1094 299 1156 Deus
326 1091 465 1173 largitor
489 1089 582 1171 pacis
606 1097 641 1150 et
663 1098 795 1149 amator
817 1087 976 1150 karitatis,
991 1090 1036 1151 da
1052 1090 1155 1151 seruis
1169 1090 1235 1152 tuis
1251 1110 1363 1154 ueram

155 1200 235 1245 cum
252 1190 313 1243 tua
328 1178 503 1241 uoluntate
518 1174 741 1238 concordiam.
759 1184 795 1237 ut
810 1174 854 1237 ab
868 1174 1023 1238 omnibus
1037 1195 1123 1256 quae
1146 1196 1207 1239 nos
1230 1176 1362 1259 pulsant

153 1266 438 1350 temptationibus
453 1262 639 1327 liberemur.
655 1281 721 1344 per.

696 1396 834 1460 Secreta.

202 1515 269 1578 His
296 1511 465 1577 sacrificiis
494 1530 677 1592 quesumus
706 1510 842 1571 domine
871 1512 1017 1573 concede
1047 1511 1207 1592 placatus.
1239 1525 1275 1576 ut
1304 1517 1360 1596 qui

155 1602 300 1684 propriis
316 1619 451 1663 oramus
466 1599 595 1662 absolui
607 1597 746 1660 delictis.
763 1616 829 1659 non
845 1616 1021 1677 grauemur
1036 1601 1191 1663 externis.
1208 1621 1275 1682 per.

618 1749 681 1813 Ad
689 1750 915 1830 complendum.

202 1867 325 1930 Libera
350 1885 412 1927 nos
432 1864 569 1927 domine
594 1863 638 1925 ab
661 1863 752 1924 omni
780 1862 869 1925 malo
892 1864 1119 1946 propitiusque
1148 1869 1301 1931 concede.
1326 1880 1360 1933 ut

155 1974 246 2036 quae
263 1952 359 2015 nobis
375 1952 543 2034 poscimus
559 1948 711 2013 relaxari.
734 1949 795 2032 ipsi
819 1970 952 2031 quoque
966 1952 1129 2032 proximis
1145 1955 1360 2019 remittamus.

155 2061 223 2124 per.

400 2204 518 2267 Missa
543 2217 614 2266 pao
638 2202 748 2264 Faue
771 2217 817 2266 ac
841 2203 1103 2267 Pesruexrra.

202 2335 437 2416 Sempitemae
468 2332 602 2414 pietatis
632 2341 711 2393 tuae
748 2331 989 2394 abundantiam
1029 2334 1163 2397 domine
1193 2337 1359 2418 supplices

160 2422 386 2503 imploramus.
411 2430 448 2483 ut
474 2440 536 2481 nos
560 2417 728 2481 beneficiis
753 2418 873 2498 quibus
893 2438 957 2480 non
979 2440 1142 2484 meremur
1157 2425 1358 2506 anticiparis¹

159 2507 244 2571 bene
261 2508 369 2570 facere
384 2505 595 2589 cognoscaris
611 2504 765 2586 indignis.
782 2524 847 2586 per.

690 2642 827 2705 Secreta.

202 2758 297 2820 Deus
321 2757 377 2837 qui
401 2755 538 2818 humani
562 2755 691 2837 generis
707 2766 882 2836 utramque
898 2756 1117 2818 substantiam
1135 2762 1356 2839 praesentium

160 2863 333 2907 munerum
350 2853 383 2904 et
400 2842 559 2906 alimento
575 2852 720 2923 uegetas
737 2852 771 2904 et
787 2862 926 2903 renouas
942 2842 1165 2923 ,lsacramento
1188 2845 1244 2927 [ln.
1267 2865 1355 2925 194v.

160 2930 266 2993 tribue
282 2949 463 3011 quesumus
479 2939 644 2992 uteorum
672 2940 706 2991 et
731 2927 922 3009 corporibus
945 2930 1064 2991 nostris
1088 2930 1271 2995 subsidium
1290 2955 1354 2997 non

158 3017 243 3080 desit
258 3026 293 3080 et
310 3015 485 3079 mentibus.
501 3037 568 3098 per.

612 3134 675 3197 Ad
684 3134 907 3215 complendum.

202 3239 360 3304 Gubema
390 3259 570 3321 quesumus
596 3239 732 3301 domine
762 3237 1001 3320 temporalibus
1032 3241 1240 3305 adiumentis.
1272 3265 1355 3325 quos

160 3327 304 3408 dignaris
320 3327 463 3389 aeternis
479 3324 655 3388 informare
671 3326 843 3407 mysteriis
861 3345 918 3406 per
934 3326 1115 3390 dominum.

406 3526 523 3590 Mrssa
545 3540 596 3588 AD
621 3523 786 3588 Sponsas
811 3525 1115 3591 Busumcenoas.

202 3657 336 3720 Exaudi
368 3675 429 3718 nos
459 3655 671 3736 omnipotens
708 3654 790 3715 deus
820 3665 856 3715 ut
886 3655 975 3735 quod
1008 3667 1121 3720 nostro
1152 3659 1356 3723 ministratur

159 3742 267 3807 officio
278 3755 336 3806 tua
351 3741 584 3804 benedictione
599 3741 709 3822 potius
725 3739 908 3821 impleatur.
925 3762 983 3822 per
998 3743 1179 3806 dominum.

690 3877 826 3940 Secreta.

202 3982 341 4063 Suscipe
371 4000 550 4062 quesumus
579 3980 714 4044 domine
744 4001 804 4062 pro
834 3980 945 4054 sacro†
968 3983 1099 4046 conubii
1130 3983 1204 4066 lege
1234 4007 1353 4051 munus

157 4069 307 4134 oblatum
324 4078 357 4132 et
373 4069 465 4130 cuius
481 4066 617 4150 largitor
631 4086 666 4128 es
682 4068 799 4148 operis.
815 4079 888 4130 esto
903 4068 1089 4151 dispositor.
1106 4090 1172 4151 per.

659 4203 840 4282 Praefatio.

201 4312 251 4375 (D
288 4328 431 4390 aequum
462 4317 496 4371 et
526 4306 677 4370 salutare.
738 4306 805 4389 Qui
836 4307 968 4372 foedere
999 4311 1189 4392 nuptiarum
1229 4313 1352 4378 blando

155 4397 354 4460 concordiae
380 4396 458 4478 iugo
481 4403 515 4458 et
535 4391 701 4457 insolubili
726 4394 817 4475 pacis
844 4395 976 4459 uinculo
999 4398 1152 4462 nexuisti.
1182 4409 1219 4463 ut
1242 4402 1352 4467 multi·

644 4501 651 4532 ¹
669 4503 720 4554 For
729 4504 879 4570 anticipans.
