3046 5092
445 328 561 379 HEBD.
592 327 614 377 I.
647 327 784 389 QUADR.
831 326 947 377 FERIA
980 327 1007 377 V.
1298 325 1329 389 65

129 481 227 545 nobis
248 501 316 545 non
340 480 471 544 desinis.
494 491 528 545 et
551 489 588 544 ut
614 501 691 544 eum
717 480 942 543 indesinenter
972 481 1155 542 esuriamus
1180 477 1329 542 hortaris.

129 570 155 633 C
160 571 231 633 uius
255 588 354 631 carne
368 569 449 631 dum
462 568 628 650 pascimur
651 567 852 630 roboramur.
867 577 901 629 et
913 568 1073 648 sanguine
1082 567 1163 630 dum
1176 575 1331 648 potamur

127 657 303 719 abluimur.
319 676 378 737 per
393 675 501 737 quem.

577 790 639 853 Ad
650 789 874 872 complendum.

174 904 365 987 Quesumus
401 903 614 986 omnipotens
650 904 733 965 deus
771 912 807 965 ut
846 901 932 964 illius
969 900 1121 964 salutaris
1156 901 1328 983 capiamus

128 993 293 1057 eflectum.
309 993 401 1055 cuius
417 1011 476 1074 per
487 991 569 1054 haec
585 990 742 1072 mysteria
758 990 878 1071 pignus
899 989 1094 1071 accepimus
1111 1008 1177 1071 per.

590 1140 698 1222 Super
703 1139 866 1220 populum.

175 1254 372 1318 Ascendant
387 1253 428 1316 ad
446 1261 480 1315 te
502 1253 637 1315 domine
661 1271 793 1333 praeces
818 1259 956 1314 nostrae.
980 1260 1014 1313 et
1029 1249 1072 1312 ab
1096 1249 1255 1312 aecclesia
1271 1258 1328 1312 tua

131 1350 285 1404 cunctam
302 1340 423 1423 repelle
436 1340 626 1421 nequitiam.
643 1359 712 1421 per.

607 1554 726 1618 Furem
753 1554 837 1617 1111.

175 1691 313 1753 Praeces
329 1700 459 1754 nostras
473 1711 654 1774 quesumus
669 1691 805 1754 domine
820 1690 1000 1753 clementer
1015 1690 1146 1752 exaudi.
1163 1698 1197 1752 et
1213 1698 1328 1752 contra

129 1787 249 1840 cuncta
265 1779 361 1840 nobis
383 1779 594 1841 aduersantia
608 1779 783 1841 dexteram
802 1786 880 1839 tuae
896 1777 1076 1840 maiestatis
1092 1775 1166 1859 cxl
1181 1776 1237 1859 [lo.
1255 1796 1328 1856 44v.

131 1864 240 1928 tende.
255 1885 315 1949 per
329 1866 503 1929 dominum
520 1876 680 1929 nostrum.

682 1993 773 2057 Alia.

174 2100 400 2168 Deuotionem
423 2105 538 2187 populi
561 2106 608 2169 tui
632 2125 813 2187 quesumus
836 2106 977 2169 domine.
1002 2104 1163 2188 benignus
1187 2103 1322 2167 intende

131 2191 240 2270 utqui
257 2211 315 2273 per
330 2191 564 2254 abstinentiam
582 2202 790 2254 macerantur
805 2193 839 2254 in
856 2212 1001 2274 corpore.
1017 2213 1076 2274 per
1091 2191 1234 2255 fructum
1251 2190 1329 2254 boni

131 2276 241 2357 operis
257 2277 444 2341 reficiantur
467 2278 500 2340 in
518 2289 636 2341 mente.
653 2299 711 2360 per
726 2281 901 2343 dominum
918 2290 1076 2342 nostrum.

664 2410 801 2475 Secreta.

177 2519 317 2583 Hostias
332 2521 392 2583 tibi
408 2521 542 2584 domine
557 2522 755 2605 placationis
777 2523 953 2586 offerimus.
969 2533 1005 2586 ut
1021 2533 1054 2586 et
1076 2521 1196 2586 delicta
1219 2532 1332 2586 nostra

134 2606 309 2670 miseratus
321 2606 482 2671 absoluas.
500 2620 534 2672 et
549 2611 704 2672 nutantia
718 2611 819 2673 corda
834 2620 870 2673 tu
886 2611 1016 2692 dirigas
1032 2630 1091 2691 per
1106 2609 1287 2674 dominum.

646 2745 830 2826 Praefatio.

176 2855 226 2918 (f)
243 2862 376 2918 aeterne
397 2856 487 2920 deus.
510 2857 566 2938 qui
591 2857 623 2919 in
646 2858 842 2921 alimentum
866 2855 1011 2938 corporis
1035 2853 1172 2917 humani
1197 2853 1329 2934 frugum

131 2943 265 3022 copiam
287 2943 468 3023 producere
492 2944 622 3007 iussisti.
646 2955 679 3008 et
709 2946 742 3006 in
774 2945 970 3008 alimentum
1001 2943 1187 3005 animarum
1220 2941 1331 3002 ieiunii

132 3027 229 3090 nobis
241 3029 439 3092 medicinam
450 3030 608 3094 indidisti.
646 3031 696 3094 Te
708 3032 820 3113 itaque
836 3030 1001 3112 supplices
1013 3029 1214 3091 inuocamus
1225 3037 1262 3091 ut
1272 3028 1333 3089 tibi

131 3115 176 3176 sit
203 3115 407 3197 acceptabile
430 3117 588 3180 ieiunium
620 3128 778 3181 nostrum.
802 3128 835 3181 et
863 3138 922 3181 nos
946 3138 966 3179 a
989 3115 1083 3199 cybis
1106 3116 1291 3178 ieiunantes
1313 3135 1334 3176 a

132 3201 280 3283 peccatis
296 3202 458 3267 absoluas.
475 3225 533 3287 per
542 3204 710 3268 christum.

588 3339 620 3403 A
624 3339 651 3402 d
659 3338 886 3422 complendum.

176 3445 242 3509 Tui
269 3446 403 3512 domine
427 3452 640 3533 perceptione
666 3452 863 3514 sacramenti
886 3460 920 3513 et
942 3470 962 3512 a
993 3450 1112 3513 nostris
1137 3448 1335 3511 mundemur

131 3533 281 3596 occultis
297 3545 331 3597 et
346 3536 389 3598 ab
405 3537 550 3601 hostium
567 3538 743 3602 liberemur
759 3539 894 3602 insidiis.
911 3559 969 3621 per
984 3538 1157 3600 dominum
1174 3544 1332 3598 nostrum.

598 3677 871 3760 Superpopulum.

179 3780 312 3846 Mentes
349 3797 477 3851 nostras
514 3809 694 3870 quesumus
731 3791 866 3853 domine
904 3787 1028 3850 lumine
1060 3794 1137 3849 tuae
1174 3782 1334 3846 claritatis

131 3867 281 3933 inlustra
309 3880 346 3934 ut
369 3872 481 3937 uidere
506 3877 671 3957 possimus
695 3897 780 3958 quae
811 3878 942 3958 agenda
968 3883 1053 3936 sunt.
1080 3883 1114 3935 et
1137 3891 1221 3952 quae
1245 3879 1334 3931 recta

129 3965 213 4019 sunt
228 3977 327 4038 agere
341 3960 521 4026 ualeamus.
537 3982 596 4045 per
611 3963 791 4026 dominum.

643 4171 765 4234 Ferus
787 4170 831 4234 V.

180 4300 405 4369 Deuotionem
421 4307 535 4389 populi
551 4308 600 4371 tui
615 4328 794 4390 quesumus
807 4307 943 4371 domine
957 4306 1121 4388 benignus
1137 4304 1280 4367 intende.
1298 4313 1335 4367 ut

128 4389 192 4472 qui
215 4409 274 4470 per
295 4392 531 4458 abstinentiam
555 4406 763 4458 macerantur
786 4397 819 4460 in
837 4413 985 4477 corpore.
1001 4413 1060 4476 per
1086 4391 1229 4456 fructum
1256 4392 1336 4454 boni

130 4476 246 4558 operis
269 4476 458 4545 reficiantur
468 4482 502 4546 in
518 4492 639 4547 mente.
655 4503 721 4565 per.

178 4567 374 4641 Jumtcrs.
1188 4579 1207 4627 r
