3046 5092
415 342 506 397 IIII.†
532 342 620 395 NON.
651 344 735 395 DEC.
765 344 851 394 DEP.
876 345 904 394 S.
933 344 960 394 B
967 344 1078 394 YRINI.
1310 352 1358 404 229

668 493 851 577 [Secreta.¹]

201 590 405 656 Sacrificium
436 603 585 657 nostrum
616 593 676 657 tibi
707 595 842 656 domine
878 613 1058 675 quesumus
1095 594 1184 657 beati
1215 594 1358 657 andreae

155 679 300 760 apostoli
316 681 363 742 tui
386 681 554 762 praecatio
577 690 693 743 sancta
715 681 876 743 conciliet.
893 689 930 743 ut
953 681 1044 744 cuius
1059 679 1185 744 honore
1201 681 1356 762 sollemp-

158 766 244 829 niter
258 765 476 841 exhibenturl
491 768 616 831 meritis
631 765 792 831 efficiatur
806 777 990 849 acceptum.
1007 787 1065 849 per
1080 768 1262 831 dominum.

652 887 874 970 [Praefattb.¹]

204 987 269 1061 lte)
283 995 416 1049 aeterne
426 984 515 1049 deus.
562 984 729 1068 Quoniam
746 987 841 1049 adest
850 987 946 1049 nobis
961 986 1032 1049 dies
1050 987 1176 1069 magni·
1192 985 1248 1068 [su.
1269 989 1359 1065 165v.

158 1070 212 1135 fici
227 1073 341 1135 uotiua
357 1074 504 1153 mysterii
520 1093 586 1154 qua
601 1075 808 1136 uenerandus
824 1073 964 1136 andreas
980 1074 1149 1155 apostolus
1165 1093 1360 1155 germanum

160 1179 198 1221 se
212 1160 347 1240 gloriosi
370 1161 512 1242 apostoli
536 1161 583 1222 tui
608 1161 692 1241 petri
711 1169 779 1222 tam
797 1161 1042 1242 praedicatione
1057 1160 1169 1223 christi
1186 1161 1242 1222 tui.
1259 1180 1359 1241 quam

162 1247 413 1309 conuersatione
426 1247 630 1309 monstrauit
677 1247 725 1310 Ut
742 1247 775 1309 id
790 1247 880 1327 quod
894 1247 996 1309 libera
1011 1248 1259 1328 praedicauerat
1271 1266 1361 1310 uoce.

162 1352 224 1395 nec
239 1334 388 1414 pendens
403 1342 527 1396 taceret
536 1334 569 1395 in
580 1353 683 1396 cruce.
700 1343 934 1414 auctoremque
949 1335 1036 1395 uitae
1052 1332 1228 1415 perhennis
1243 1343 1312 1395 tam
1329 1334 1362 1395 in

162 1419 226 1482 hac
241 1420 311 1482 uita
326 1420 426 1500 sequi.
442 1440 543 1500 quam
568 1421 599 1481 in
624 1421 739 1482 mortis
761 1440 881 1502 genere
898 1421 1016 1482 meruit
1032 1421 1160 1482 imitari.
1208 1420 1256 1485 Ut
1272 1420 1363 1482 cuius

162 1515 343 1588 praecepto
379 1516 508 1569 terrena
545 1507 578 1568 in
620 1508 800 1588 semetipso
837 1506 1046 1569 crucifixerat
1089 1507 1253 1569 desideria
1294 1508 1364 1569 eius

164 1593 323 1675 exemplo
338 1594 408 1675 ipse
429 1594 579 1675 patibulo
604 1592 756 1656 fieretur.²
803 1592 944 1675 Utrique
968 1595 1066 1675 igitur
1089 1594 1236 1675 germani
1260 1594 1365 1675 pisca·

164 1689 261 1742 tores.
281 1681 383 1742 ambo
406 1700 501 1743 cruce
523 1681 694 1742 eleuantur
712 1680 754 1741 ad
770 1680 907 1742 caelum.
954 1680 1003 1743 Ut
1018 1700 1101 1761 quos
1118 1682 1150 1742 in
1166 1680 1263 1742 huius
1278 1680 1366 1743 uitae

165 1786 261 1829 cursu
280 1767 386 1848 gratia
402 1776 459 1829 tua
475 1776 525 1829 tot
540 1767 678 1829 uinculis
695 1767 828 1849 pietatis
843 1766 1067 1830 obstrinxerat
1082 1765 1143 1829 hos
1161 1767 1367 1829 inmarcesci-

166 1852 239 1916 bilis
265 1853 296 1914 in
325 1873 463 1935 regnum
490 1854 655 1915 caelorum
683 1863 828 1915 necteret
854 1862 888 1915 et
912 1874 1041 1916 corona.
1089 1854 1134 1916 Et
1155 1853 1274 1934 quibus
1298 1862 1369 1916 erat

167 1959 232 2002 una
270 1959 370 2001 causa
396 1941 592 2003 certaminis.
624 1959 690 2002 una
724 1939 895 2003 retributio
933 1950 1019 2002 esset
1057 1950 1089 2003 et
1127 1941 1272 2023 praemii.
1312 1960 1370 2021 per

166 2025 327 2089 christum
344 2027 516 2089 dominum
533 2036 691 2089 nostrum.

622 2146 685 2208 Ad
695 2146 921 2229 conplendum.

212 2245 424 2328 Sumpsimus
451 2245 586 2308 domine
610 2246 723 2308 diuina
750 2247 907 2327 mysteria
933 2245 1022 2307 beati
1053 2246 1195 2308 andreae
1227 2243 1370 2327 apostoli

169 2334 216 2396 tui
242 2332 422 2396 festiuitate
447 2333 616 2395 laetantes
641 2352 727 2413 quac
751 2333 836 2394 sicut
863 2333 928 2394 tuis
952 2333 1075 2394 sanctis
1102 2333 1144 2394 ad
1169 2332 1308 2414 gloriam
1326 2333 1370 2394 ita

169 2419 265 2484 nobis
291 2439 471 2500 quesumus
506 2421 547 2482 ad
579 2420 711 2482 ueniam
747 2420 905 2501 prodesse
936 2418 1093 2500 perficias.
1117 2440 1176 2500 per
1198 2420 1370 2482 dominum

169 2516 330 2570 nostrum.

637 2591 745 2674 Super
748 2593 913 2673 populum.

212 2692 269 2754 Da
293 2691 389 2754 nobis
415 2710 596 2772 quesumus
626 2691 761 2754 domine
785 2691 868 2752 deus
893 2700 1005 2753 noster
1035 2689 1124 2753 beati
1155 2691 1296 2773 apostoli
1322 2690 1370 2752 tui

166 2778 315 2842 andreae
338 2778 625 2840 intercessionibus
648 2776 822 2839 subleuari.
847 2786 883 2840 ut
906 2798 964 2859 per
987 2798 1070 2858 quos
1094 2779 1271 2840 aecclesiae
1294 2787 1371 2840 tuae

161 2865 301 2947 superni
318 2866 463 2927 muneris
486 2865 674 2927 rudimenta
689 2865 830 2926 donasti.
857 2884 915 2946 per
941 2884 998 2926 eos
1021 2864 1168 2926 subsidia
1192 2875 1370 2946 perpetuae

162 2952 285 3016 salutis
308 2952 490 3033 impendas
506 2972 565 3033 per
580 2952 762 3013 dominum.

728 3054 819 3115 Alia.

210 3154 306 3216 Deus
329 3153 385 3234 qui
409 3174 445 3216 es
469 3163 658 3216 sanctorum
682 3162 813 3215 tuorum
839 3153 996 3235 splendor
1021 3152 1186 3215 mirabilis.
1203 3153 1259 3234 qui
1282 3154 1369 3216 hunc

155 3242 257 3305 diem
283 3240 372 3302 beati
397 3241 540 3302 andreae
565 3241 723 3322 martyrio
747 3241 954 3301 consecrasti.
978 3241 1023 3303 da
1045 3239 1203 3302 ecclesiae
1227 3251 1304 3303 tuae
1327 3241 1370 3303 de

152 3329 238 3391 eius
260 3327 417 3390 natalicio
439 3325 584 3409 lscmper
607 3327 759 3408 gaudere.
777 3337 813 3389 ut
839 3328 928 3408 apud
951 3326 1208 3389 misericordiam
1225 3326 1281 3408 [fo.
1302 3327 1369 3391 166.

155 3421 263 3478 tuam
280 3414 445 3495 exemplis
461 3414 531 3476 eius
547 3423 760 3495 protegamur
775 3422 809 3475 et
826 3413 958 3475 meritis
978 3433 1043 3495 per.

725 3524 816 3586 Alia.

210 3623 349 3687 Exaudi
379 3624 515 3686 domine
554 3623 714 3706 populum
752 3632 846 3685 tuum
881 3643 956 3685 cum
996 3625 1102 3686 sancti
1142 3625 1284 3705 apostoli
1322 3626 1370 3687 tui

155 3712 312 3775 andreae
334 3710 518 3793 patrocinio
541 3709 791 3792 supplicantem.
814 3718 850 3771 ut
870 3719 929 3772 tuo
953 3730 1083 3791 semper
1107 3711 1233 3772 auxilio
1256 3731 1370 3774 secura

156 3799 225 3861 tibi
243 3798 350 3879 possit
364 3798 542 3860 deuotione
558 3798 687 3859 seruire.
703 3817 761 3878 per
776 3797 958 3859 dominum.

235 3948 323 4025 1111.†
349 3950 444 4013 Non.
469 3949 559 4013 Dec.
585 3949 791 4013 Daeosmo
815 3947 957 4013 Snucrr
982 3948 1121 4011 Binum
1146 3948 1326 4013 Emscom.

210 4062 437 4144 Omnipotens
467 4062 666 4145 sempiterne
696 4061 787 4123 deus.
818 4061 873 4142 qui
901 4081 963 4122 nos
993 4061 1048 4142 pia
1078 4062 1255 4124 deuotione
1282 4062 1371 4124 beati

172 4147 278 4233 byrini
294 4148 490 4212 confessoris
506 4150 554 4211 tui
570 4156 670 4229 atque
692 4148 835 4229 pastoris
859 4148 962 4210 nostri
979 4148 1011 4209 in
1032 4147 1094 4211 hoc
1112 4149 1370 4212 sacratissimum

172 4237 257 4300 ouile
287 4236 506 4318 congregasti.
536 4235 683 4298 concede
709 4254 889 4315 quesumus
920 4242 956 4296 ut
986 4253 1061 4296 cum
1089 4235 1208 4297 eodem
1239 4245 1372 4317 pastore

174 4332 285 4388 nostro
300 4323 343 4385 ad
360 4321 511 4385 caelestis
526 4322 616 4384 uitae
639 4322 762 4403 gaudia
783 4321 956 4402 peruenire
984 4340 1177 4384 mereamur.
1193 4343 1252 4404 per
1266 4323 1374 4386 domi·

170 4430 250 4475 num
266 4418 427 4473 nostrum.

199 4510 447 4576 ¹Theseheadings
456 4510 707 4561 areomittedinthe
719 4509 778 4560 MS.
1029 4505 1241 4575 'Forfigeretun
