3046 5092
334 301 403 353 XII.
432 302 518 354 m.
547 302 634 354 DEC.
663 304 751 354 NAT.
781 305 810 355 S.
839 304 1059 358 EADMUNDI
1082 306 1201 358 REGIS.
1329 316 1377 372 225

623 477 687 541 Ar
703 478 929 561 emptarum.

218 585 370 669 [Praesta
384 609 564 671 quesumus
580 590 716 654 domine
738 591 822 654 deus
844 601 957 656 noster
979 601 1016 656 ut
1037 613 1179 675 quorum
1203 592 1260 675 [io.
1288 596 1377 658 161v.

174 672 356 739 sestiuitate
370 677 484 739 uotiua
504 686 582 739 sunt
604 688 821 742 sacramenta
844 699 959 742 eorum
981 678 1139 744 salutaria
1161 679 1256 744 nobis
1279 681 1377 746 inter-

175 762 324 826 cessione
340 762 529 827 reddantur.
545 783 611 846 per.

634 899 742 983 Super
755 902 918 984 populum.

218 1007 443 1092 Omnipotens
479 1012 681 1095 sempiterne
719 1014 808 1077 deus.
853 1013 1136 1095 sollempnitatem
1175 1016 1240 1079 diei
1281 1015 1377 1080 huius

173 1096 309 1160 intuere.
325 1107 359 1160 et
374 1096 568 1161 aecclesiam
579 1109 672 1162 tuam
689 1100 924 1163 intercessione
934 1100 1022 1163 beati
1037 1102 1168 1164 martini
1181 1102 1377 1166 confessoris

173 1182 223 1245 tui
238 1191 339 1264 atque
354 1183 528 1266 pontificis.
544 1187 700 1249 continua
710 1186 762 1249 iac
773 1187 985 1250 caelebritate
997 1190 1150 1269 gaudere.
1162 1190 1378 1272 omniumque

174 1269 209 1332 in
225 1278 259 1333 te
274 1271 481 1335 credentium
498 1281 578 1335 uota
594 1271 754 1354 perficias.
771 1294 830 1355 per
844 1275 1018 1336 dominum
1036 1285 1194 1338 nostrum.

264 1510 322 1560 xv,
347 1496 439 1560 Knn.
464 1496 554 1560 Dec.
579 1494 737 1558 Nnrrnu
761 1494 903 1560 Snucm
926 1495 1105 1559 Auumur
1131 1497 1312 1560 EPISCOPI.

219 1625 313 1689 Deus
342 1626 399 1707 qui
439 1635 590 1688 sanctam
629 1626 724 1688 nobis
762 1625 858 1687 huius
895 1625 960 1687 diei
997 1626 1279 1707 sollempnitatem
1318 1646 1379 1707 pro

175 1713 492 1775 commemoratione
521 1712 610 1774 beati
641 1713 775 1774 anniani
805 1711 1001 1774 confessoris
1036 1713 1083 1774 tui
1114 1713 1228 1774 iecisti.
1260 1713 1377 1775 adesto

177 1797 322 1862 familiae
337 1809 414 1862 tuae
430 1800 610 1881 praecibus.
626 1808 660 1861 et
675 1799 719 1860 da
742 1808 778 1861 ut
801 1799 893 1861 cuius
915 1798 1014 1861 hodie
1038 1799 1122 1861 festa
1145 1798 1379 1862 caelebramus.

176 1886 246 1948 eius
264 1886 389 1950 meritis
403 1896 437 1949 et
446 1884 734 1950 intercessionibus
746 1887 948 1949 adiuuemur.
959 1905 1018 1968 per
1029 1886 1201 1948 dominum
1219 1897 1379 1950 nostrum.

708 2020 846 2085 Secreta.

221 2132 353 2197 Adesto
375 2132 671 2215 supplicationibus
695 2135 814 2196 nostris
844 2134 1057 2215 omnipotens
1088 2134 1178 2197 deus.
1210 2142 1243 2196 et
1261 2134 1380 2215 quibus

178 2216 333 2282 fiduciam
349 2220 533 2302 sperandae
548 2221 682 2303 pietatis
705 2221 864 2302 indulges.
882 2221 1106 2284 intercedente
1122 2222 1220 2284 beato
1236 2222 1380 2283 anniano

178 2305 364 2370 confessore
393 2316 453 2370 tuo
482 2316 582 2388 atque
613 2306 770 2388 pontifice
804 2317 962 2383 consuete
1001 2308 1244 2370 misericordiae
1273 2308 1380 2370 tribue

178 2392 341 2476 benignus
356 2392 521 2457 effectum.
537 2414 596 2475 per
611 2394 784 2456 dominum
801 2402 960 2456 nostrum.

626 2544 689 2606 Ad
706 2543 932 2626 corruolcndmn.

224 2654 272 2719 Ut
287 2654 383 2718 nobis
398 2655 534 2719 domine
545 2664 603 2718 tua
618 2655 778 2719 sacrificia
800 2656 881 2718 dent
904 2655 1054 2719 salutem.
1078 2654 1195 2718 beatus
1218 2655 1382 2718 annianus

177 2741 347 2805 consessor
375 2751 451 2805 tuus
481 2751 515 2805 et
551 2741 705 2824 pontifex
736 2752 908 2824 praecator
937 2743 1082 2805 accedat.
1116 2763 1174 2824 per
1207 2742 1380 2806 dominum

175 2838 337 2892 nostrum.

264 3057 330 3106 xn.
354 3041 447 3106 Knn.
470 3043 561 3106 Duc.
586 3042 743 3106 Nnrnne
767 3041 909 3107 Snucri
935 3042 1147 3105 Enuuuum
1172 3041 1296 3106 Reum.

221 3172 317 3234 Deus
333 3170 508 3234 ineffabilis
525 3172 768 3234 misericordiae
777 3172 833 3252 qui
847 3170 1073 3233 beatissimum
1091 3189 1202 3251 regem
1218 3171 1380 3234 eadmun-

163 3260 258 3323 dum
290 3257 434 3321 tribuisti
461 3278 522 3340 pro
552 3268 610 3321 tuo
648 3260 781 3320 nomine
820 3259 989 3320 inimicum
1029 3256 1202 3319 moriendo
1239 3257 1377 3322 uincere.

161 3347 325 3411 concede
340 3345 502 3427 propitius
517 3343 593 3407 huic
610 3345 754 3407 familiae
766 3354 843 3407 tuae
854 3344 906 3428 (ut
921 3365 962 3407 eo
978 3344 1218 3406 interueniente
1234 3342 1289 3424 [fo.
1309 3346 1378 3412 162.

159 3448 364 3497 mereamur
374 3431 407 3494 in
417 3429 470 3506 se†
485 3432 612 3513 antiqui
623 3432 727 3494 hostis
740 3432 956 3494 incitamenta
971 3431 1159 3512 superando
1173 3430 1378 3515 extinguere.

155 3534 241 3598 per.

715 3653 851 3718 Secreta.

218 3767 300 3831 Hoc
327 3765 523 3830 sacrificium
561 3767 749 3830 deuotionis
779 3775 912 3829 nostrae
949 3785 1129 3847 quesumus
1167 3765 1380 3845 omnipotens

155 3853 267 3919 deus.
282 3853 465 3917 clementer
481 3855 605 3936 respice
630 3865 664 3918 et
679 3854 903 3917 intercedente
927 3852 1026 3915 beato
1048 3852 1239 3914 eadmundo
1255 3870 1331 3932 rege
1347 3861 1380 3913 et

156 3950 325 4025 martyre
346 3951 407 4004 tuo
428 3960 490 4022 pro
512 3940 574 4004 hac
590 3940 714 4003 familia
730 3951 788 4004 tua
803 3940 953 4023 placatus
975 3959 1115 4001 assume.
1132 3958 1191 4020 per
1206 3938 1380 4001 dominum

161 4037 339 4093 nostrum.

702 4164 862 4243 Prrsatr‘o.

219 4276 271 4340 G)
288 4283 425 4339 aeterne
438 4275 529 4339 deus.
575 4274 677 4340 Cuius
693 4271 906 4348 clementiae†
920 4275 1021 4336 etiam
1043 4271 1175 4354 regibus
1190 4271 1382 4334 conceditur

178 4362 328 4444 martyrii
343 4360 459 4444 palma
480 4363 592 4443 sicque
617 4383 676 4424 rex
703 4382 817 4444 regum
841 4361 990 4443 disponis
1013 4361 1132 4422 merita
1153 4357 1327 4422 humilium
1343 4367 1380 4420 ut

182 4451 235 4513 tuo
251 4468 417 4601 maffia
405 4458 606 4512 coronantur
620 4448 673 4512 hic
688 4458 723 4513 et
738 4450 770 4512 in
787 4457 994 4530 perpetuum.
1009 4467 1069 4530 per
1083 4445 1252 4608 christun}i

219 4548 310 4614 Juur
