3046 5092
542 336 684 389 werlo
706 336 962 388 INFIRMORUM.

193 488 320 555 Sancta
333 488 517 554 scolastica

193 575 318 640 Sancta
333 576 464 659 agatha

193 662 319 727 Sancta
333 683 445 746 agnes.

193 748 319 813 Sancta
334 750 475 813 caecilia

193 836 319 901 Sancta
334 836 426 899 lucia

192 922 317 988 Sancta
332 923 469 1005 brigida

193 1009 319 1075 Sancta
334 1009 544 1092 aetheldryth

194 1095 318 1161 Sancta
333 1096 489 1160 sexburh,

194 1181 319 1247 Sancta
334 1184 500 1247 uuitburh.

191 1268 333 1351 [Sancta
347 1269 561 1334 eormenhild.
1180 1271 1236 1355 [so.
1254 1274 1349 1337 208v.

193 1355 319 1421 Sancta
334 1357 531 1439 petronylla.

194 1443 320 1508 Sancta
335 1444 540 1525 cynesuuith.

194 1528 320 1593 Sancta
334 1530 512 1611 cyneburh.

194 1615 320 1680 Sancta
333 1618 446 1680 timba

194 1702 323 1767 Omnes
337 1714 451 1767 sancte
467 1704 619 1785 uirgines.

194 1788 323 1855 Omnes
338 1791 443 1853 sancti
459 1801 552 1854 orate
567 1811 628 1873 pro
643 1790 708 1853 illo.

196 1876 362 1958 Propitius
377 1887 450 1940 esto
465 1897 563 1959 parce
578 1877 608 1940 ei
624 1878 769 1940 domine.

196 1962 363 2045 Propitius
379 1974 451 2027 esto
466 1963 590 2027 exaudi
606 1984 683 2027 eum
699 1965 841 2028 domine.

196 2049 361 2131 Propitius
377 2060 450 2113 esto
465 2050 567 2114 libera
581 2070 658 2113 eum
674 2051 817 2114 domine.

196 2134 252 2199 Ab
268 2138 358 2199 omni
375 2137 465 2200 malo
480 2137 583 2200 libera
598 2157 674 2201 eum
689 2137 832 2201 domine.

197 2222 254 2286 Ab
271 2224 398 2287 insidiis
413 2224 536 2287 diaboli
554 2224 657 2287 libera
673 2244 760 2287 eum.

197 2308 229 2372 A
245 2309 357 2373 subito
372 2321 406 2374 et
421 2311 464 2373 ab
479 2321 613 2374 aeterna
629 2321 736 2374 morte
752 2311 855 2374 libera
870 2330 945 2373 eum
962 2309 1105 2373 domine.

198 2396 260 2458 Per
275 2416 404 2459 crucem
422 2407 455 2461 et
470 2398 658 2479 passionem
676 2408 768 2461 tuam
786 2398 888 2461 libera
904 2417 979 2460 eum
996 2397 1138 2460 domine.

198 2482 260 2545 Per
274 2493 423 2549 sanctam
441 2482 491 2557 etl
506 2484 776 2547 resurrectionem
793 2495 885 2547 tuam
903 2483 1005 2546 libera
1019 2503 1095 2546 eum
1112 2485 1255 2548 domine.

199 2569 261 2631 Per
274 2569 454 2651 gloriosam
470 2572 698 2634 ascensionem
714 2581 806 2634 tuam
824 2570 926 2633 libera
941 2590 1017 2633 eum
1034 2570 1178 2633 domine.

199 2656 260 2718 Per
274 2657 416 2738 gratiam
433 2658 539 2721 sancti
555 2658 689 2740 spiritus
705 2657 866 2739 paraclyti
882 2657 984 2719 libera
1000 2676 1075 2719 eum
1092 2657 1228 2720 domine

199 2742 392 2806 Peccatores
408 2754 441 2807 te
458 2764 612 2826 rogamus
627 2745 713 2808 audi.

199 2828 249 2892 Ut
265 2849 381 2911 pacem
397 2831 427 2893 ei
443 2832 547 2894 dones
563 2842 596 2895 te
612 2851 774 2913 rogamus.

198 2914 248 2979 Ut
264 2917 489 2980 remissionem
505 2918 654 2980 omnium
671 2927 883 3000 peccatorum
899 2936 1033 2979 suorum
1050 2918 1163 2981 dones.

198 3001 248 3066 Ut
274 3023 350 3065 eum
369 3023 390 3065 a
411 3003 498 3067 lecto
521 3004 739 3087 aegritudinis
755 3004 830 3086 piae
854 3025 892 3067 ac
920 3004 1174 3067 misericorditer
1191 3005 1355 3081 reuelare†

153 3088 298 3170 digneris
314 3099 348 3152 te
366 3110 530 3172 rogamus.

199 3174 246 3238 Ut
262 3196 339 3238 eum
354 3196 473 3239 sanum
496 3187 597 3259 atque
620 3177 816 3241 incolomem
841 3177 1018 3240 aecclesiae
1041 3186 1118 3239 tuae
1134 3182 1351 3259 representari

154 3261 299 3342 digneris
314 3274 356 3326 te.

198 3347 247 3412 Ut
258 3369 320 3412 nos
335 3351 495 3414 exaudire
509 3351 662 3433 digneris.

198 3435 260 3498 Fili
276 3436 330 3498 dei
346 3446 381 3499 te
397 3457 552 3519 rogamus
568 3438 645 3502 audi
655 3457 723 3499 nos

197 3520 316 3602 Agnus
331 3523 385 3585 dei
401 3524 456 3604 qui
472 3523 561 3586 tollis
576 3534 713 3607 peccata
729 3523 844 3586 mundi
860 3543 957 3604 parce
973 3522 1019 3585 illi
1035 3523 1177 3586 domine.

197 3606 316 3689 Agnus
332 3609 386 3672 dei
403 3611 457 3691 qui
475 3610 564 3673 tollis
579 3620 717 3693 peccata
729 3610 845 3673 mundi
862 3611 1015 3671 miserere
1031 3611 1060 3672 ei
1077 3609 1220 3673 domine.

196 3693 327 3758 Christe
342 3696 419 3759 audi
437 3717 505 3760 nos,

198 3779 318 3861 Kyrrie
332 3781 464 3846 eleison.

197 3866 327 3931 Christe
342 3869 474 3932 eleison.

198 3953 319 4035 Kyrrie
333 3955 465 4019 eleison.

695 4091 817 4158 Oratio.

200 4218 343 4302 Respice
359 4220 494 4284 domine
510 4223 553 4285 de
568 4221 662 4284 caelo
682 4231 716 4284 ct
731 4221 831 4284 uisita
847 4219 1009 4283 famulum
1026 4229 1130 4282 tuum.
1146 4221 1191 4283 ill.
1207 4230 1240 4283 et
1257 4218 1357 4283 bene·

158 4304 210 4367 dic
225 4324 302 4368 eum
334 4306 420 4370 sicut
447 4308 642 4372 benedicere
666 4307 824 4389 dignatus
849 4326 883 4368 es
908 4306 1076 4370 abraham.
1092 4307 1188 4370 isaac.
1204 4317 1237 4370 et
1253 4306 1356 4369 iacob.

157 4391 268 4473 aspice
285 4392 420 4457 domine
443 4394 548 4459 oculis
572 4395 646 4458 tuis,
663 4405 696 4458 et
721 4394 812 4476 reple
837 4413 912 4455 cum
937 4394 1028 4456 omni
1044 4393 1167 4475 gaudio
1182 4402 1217 4458 et
1232 4393 1359 4457 laetitia

153 4487 186 4541 et
197 4479 318 4542 timore
327 4481 461 4563 expelle
475 4501 592 4545 omnes
607 4480 730 4545 inimici
747 4480 891 4543 insidias.
910 4480 1006 4543 mitte
1015 4481 1045 4544 ei
1056 4480 1192 4544 domine
1203 4480 1360 4563 angelum

198 4568 395 4644 Jumtons.
1203 4580 1227 4632 u
