3046 5092
512 262 628 313 HEBD.
658 264 694 313 ΙΙ.
726 264 860 325 QUADR.
907 263 1021 313 MRIA
1054 263 1096 312 VI.

690 442 796 524 Super
803 443 965 525 populum.

272 554 365 618 Deus
378 554 585 617 innocentiae
601 555 770 617 restitutor
786 565 819 617 et
830 553 1073 636 amatordirige
1082 553 1124 616 ad
1136 561 1169 616 te
1178 563 1310 616 tuorum
1321 552 1424 614 corda

228 662 406 705 seruorum.
424 652 459 705 ut
485 642 619 724 spiritus
647 642 694 703 tui
718 640 860 722 iseruore
884 653 1045 723 concepto
1067 650 1101 703 et
1124 642 1156 703 in
1180 639 1246 703 fide
1268 639 1325 722 [to.
1347 655 1422 720 47v.

228 729 439 792 inueniantur
453 729 596 792 stabiles.
612 738 646 790 et
662 730 695 790 in
711 749 811 810 opere
826 728 983 791 efficaces·
1000 749 1059 811 per
1073 729 1254 791 dominum.

740 891 860 954 Fama
882 889 922 954 V.

273 1014 408 1075 Praesta
432 1012 526 1074 nobis
551 1031 730 1093 quesumus
761 1011 896 1074 domine
923 1010 1084 1075 auxilium
1115 1010 1241 1093 gratiae
1271 1019 1356 1074 tuae.
1388 1022 1426 1076 ut

229 1100 356 1163 ieiuniis
372 1109 406 1161 et
421 1100 625 1162 orationibus
641 1099 877 1160 conuenienter
892 1099 1009 1162 intenti
1025 1099 1200 1161 liberemur
1215 1098 1258 1160 ab
1273 1098 1426 1162 hostibus

228 1187 348 1249 mentis
363 1196 397 1248 et
412 1186 565 1268 corporis.
581 1207 639 1267 per
653 1186 835 1248 dominum.

759 1320 897 1385 Secreta.

273 1433 440 1498 Praesenti
465 1431 623 1495 sacrificio
653 1433 779 1495 nomini
810 1442 869 1495 tuo
900 1453 960 1495 nos
997 1432 1131 1495 domine
1161 1431 1281 1494 ieiunia
1312 1434 1426 1497 dicata

227 1521 442 1586 sanctificent.
481 1529 518 1582 ut
551 1522 641 1600 quod
680 1521 891 1583 obseruantia
921 1529 1033 1582 nostra
1063 1517 1236 1602 profitetur
1264 1523 1423 1584 exterius.

228 1610 365 1673 interius
380 1617 534 1689 operetur
549 1605 713 1670 effectum.
730 1628 789 1690 per
804 1607 976 1670 dominum
992 1616 1151 1670 nostrum.

737 1737 920 1816 Praefatio.

272 1852 321 1914 ff)
339 1859 471 1913 aeterne
486 1850 577 1912 deus
617 1850 661 1912 Et
678 1858 769 1910 tuam
786 1868 861 1910 cum
878 1847 1118 1911 caelebratione
1133 1848 1243 1910 ieiunii
1262 1849 1423 1929 pietatem

228 1939 358 2001 deuotis
375 1937 541 1999 mentibus
557 1936 736 1998 obsecrare.
753 1936 855 2016 utqui
866 1936 1010 2016 peccatis
1021 1935 1247 2016 ingruentibus
1258 1936 1423 1998 malorum

228 2025 374 2109 pondere
389 2023 598 2105 praemimur.
615 2033 647 2084 et
658 2043 677 2084 a
687 2023 831 2103 peccatis
847 2020 1001 2085 omnibus
1011 2021 1193 2084 liberemur.
1205 2030 1239 2084 et
1251 2021 1354 2085 libera
1364 2025 1425 2086 tibi

229 2121 339 2175 ruente
356 2109 561 2173 famulemur.
577 2129 636 2191 per
650 2109 817 2171 christum.

680 2241 742 2304 Ad
752 2240 977 2322 coemendum.

272 2355 387 2419 Gratia
411 2365 468 2417 tua
491 2375 551 2416 nos
574 2373 754 2435 quesumus
770 2355 906 2417 domine
923 2375 988 2417 non
1005 2355 1210 2438 derelinquat
1226 2378 1313 2439 quae
1329 2358 1426 2422 nobis

226 2463 324 2527 opem
342 2461 473 2524 semper
488 2443 649 2523 adquirat.
666 2461 732 2522 per.

690 2569 795 2650 Super
801 2571 962 2651 populum.

273 2685 402 2747 Adesto
433 2683 567 2744 domine
599 2681 730 2745 famulis
769 2684 833 2745 tuis
873 2695 906 2745 et
949 2693 1141 2765 perpetuam
1182 2684 1425 2766 benignitatem

230 2772 348 2852 largire
386 2770 606 2851 poscentibus.
646 2780 681 2831 ut
720 2770 770 2831 his
808 2771 863 2851 qui
903 2779 935 2832 te
972 2783 1105 2834 auctore
1139 2782 1171 2833 et
1205 2773 1428 2853 gubernatore

231 2860 422 3007 gloriantur.
447 2868 480 2920 et
503 2867 705 2937 congregata
729 2867 898 2920 restaures.
922 2868 955 2920 et
972 2867 1153 2922 restaurata
1168 2879 1353 2923 conserues
1370 2882 1429 2943 per

228 2966 410 3009 commum.

727 3083 844 3144 Fama
867 3083 928 3145 VI.

273 3212 327 3273 Da
364 3230 544 3290 quesumus
582 3210 794 3290 omnipotens
831 3211 912 3272 deus
944 3218 979 3272 ut
1010 3229 1102 3272 sacro
1132 3230 1193 3272 nos
1230 3211 1428 3293 purificante

229 3299 357 3361 ieiunio.
391 3298 524 3358 sinceris
557 3298 723 3359 mentibus
753 3299 795 3359 ad
823 3308 938 3359 sancta
961 3307 1099 3359 uentura
1123 3296 1223 3360 facias
1247 3302 1427 3380 peruenire.

228 3408 294 3468 per.

758 3487 896 3551 Secreta.

277 3603 369 3663 Haec
402 3599 432 3660 in
464 3599 559 3662 nobis
590 3598 747 3661 sacrificia
785 3600 866 3662 deus
904 3609 937 3661 et
975 3598 1105 3662 actione
1135 3612 1363 3681 permaneant.
1395 3615 1428 3667 et

229 3689 421 3770 operatione
438 3685 616 3748 firmentur.
633 3708 698 3768 per.

746 3790 928 3869 Praefatio.

272 3906 321 3967 (f)
338 3912 472 3965 aeterne
488 3902 577 3964 deus.
602 3901 668 3983 Qui
685 3902 916 3984 delinquentes
931 3901 1036 3984 perire
1053 3921 1119 3964 non
1135 3898 1281 3985 spateris.
1299 3904 1355 3986 [so.
1377 3908 1427 3985 48.

230 3993 289 4054 sed
315 4001 351 4053 ut
376 3993 418 4053 ad
445 4000 477 4051 te
504 4000 742 4051 conuertantur
763 3999 797 4051 et
820 3991 936 4051 uiuant
959 3990 1106 4051 hortaris.
1130 3991 1297 4070 poscimus
1314 3994 1426 4074 itaque

227 4082 387 4164 pietatem
412 4086 504 4138 tuam
529 4088 565 4139 ut
588 4096 607 4137 a
631 4077 775 4157 peccatis
799 4078 918 4138 nostris
940 4087 1018 4139 tuae
1042 4077 1225 4139 seueritatis
1242 4083 1426 4160 suspendas

227 4168 418 4230 uindictam.
442 4173 476 4225 et
500 4164 594 4226 nobis
618 4175 768 4245 optatam
794 4163 1045 4225 misericorditer
1066 4163 1191 4225 tribuas
1207 4166 1349 4228 ueniam.
1366 4188 1425 4229 nec

225 4255 437 4335 iniquitatum
455 4262 641 4313 nostrarum
660 4250 763 4312 moles
774 4260 807 4312 te
824 4260 981 4331 prouocet
996 4251 1038 4312 ad
1055 4250 1224 4313 ultionem.
1238 4253 1295 4314 sed
1314 4253 1424 4315 ieiunii

224 4341 422 4404 obseruatio.
461 4348 493 4401 et
533 4358 661 4399 morum
692 4337 889 4399 emendatio.
920 4348 953 4399 te
984 4337 1095 4400 flectat
1132 4338 1174 4400 ad
1212 4351 1425 4420 peccatorum

225 4440 412 4493 nostrorum
430 4426 666 4489 remissionem.
683 4445 742 4506 per
757 4425 925 4487 christum.
