3046 5092
152 276 200 344 138
458 278 552 331 ΗΘΜ.
571 278 594 331 I.
611 276 670 329 Da
683 275 880 331 navam
888 276 1043 331 Pomm.

250 474 451 541 Domuum
471 474 631 541 xx1111.
652 480 743 541 aosu
764 470 939 541 Oetaeas
960 474 1260 541 Puumcostau.'

195 586 291 651 Deus
313 586 477 671 refugium
501 597 652 652 nostrum
676 594 712 651 et
736 586 852 651 uirtus.
867 586 986 651 adesto
1000 588 1065 671 piis
1078 587 1262 653 aecclesiae
1274 598 1353 653 tuae

152 674 328 757 praecibus
357 684 474 738 auctor
505 675 577 757 ipse
611 674 755 757 pietatis,
785 682 820 738 et
852 684 987 757 praesta
1022 684 1060 740 ut
1089 675 1183 759 quod
1213 674 1353 741 fideliter

153 762 307 844 petimus.
321 760 498 825 efficaciter
510 780 764 845 consequamur.
779 780 848 844 per.

689 875 818 942 Secreta

197 980 252 1046 Da
269 980 452 1046 misericors
463 981 547 1046 deus
564 991 602 1046 ut
621 980 705 1046 haec
728 1001 789 1045 nos
804 979 959 1045 salutaris
974 980 1113 1047 oblatio.
1126 990 1162 1047 et
1176 1002 1199 1047 a
1214 974 1352 1068 propn'is

155 1068 301 1132 reatibus
315 1070 540 1134 indesinenter
560 1070 731 1153 expediat.
752 1077 787 1133 et
809 1068 854 1133 ab
876 1068 1033 1133 omnibus
1046 1078 1183 1135 tueatur
1196 1070 1353 1135 aduersis

153 1176 220 1239 per.

671 1265 832 1348 Prefatt'o.

198 1371 248 1436 (D
271 1390 331 1455 per
352 1369 512 1435 christum
535 1369 711 1435 dominum
734 1380 893 1435 nostrum.
939 1369 1002 1434 Per
1023 1389 1126 1453 quem
1147 1378 1305 1437 sanctum
1320 1380 1354 1437 et

152 1456 367 1522 benedictum
388 1476 511 1522 nomen
535 1458 719 1521 maiestatis
741 1466 820 1521 tuae
842 1456 966 1539 ubique
987 1466 1173 1523 ueneratur.
1189 1459 1352 1525 adoratur.

154 1546 372 1629 praedicatur.
396 1554 431 1609 et
457 1545 584 1609 colitur.
640 1542 709 1627 Qui
732 1553 784 1608 est
810 1543 905 1627 origo
927 1543 1052 1609 salutis
1079 1544 1137 1609 uia
1162 1546 1307 1611 uirtutis
1319 1558 1352 1611 et

60 1688 65 1693 .
154 1645 233 1696 tuae
247 1632 441 1717 propitiatio
457 1632 650 1696 maiestatis
695 1629 807 1714 Quem
823 1631 962 1696 laudant
976 1630 1097 1715 angeli.

602 1750 665 1816 Ad
681 1750 907 1835 complendum

198 1852 412 1937 Sumpsimus
441 1853 577 1919 domine
606 1856 690 1921 sacri
725 1856 816 1919 dona
845 1856 995 1938 mysterii
1023 1854 1197 1921 humiliter
1216 1856 1351 1941 deprae-

153 1950 276 2005 cantes.
292 1953 330 2005 ut
344 1961 431 2024 quae
446 1942 479 2005 in
495 1942 544 2006 tui
559 1943 878 2006 commemoratione
894 1962 956 2007 nos
970 1942 1080 2007 iacere
1094 1945 1304 2027 praecepisti
1318 1945 1350 2009 in

154 2036 287 2092 nostrae
302 2027 477 2112 proficiant
492 2028 694 2094 infirmitatis
708 2028 883 2095 auxilium.
897 2050 959 2114 per
971 2030 1148 2095 dominum
1164 2042 1324 2097 nostrum.

276 2232 474 2297 Douuucn
497 2230 609 2296 XXV.
632 2242 723 2297 rost
745 2227 920 2295 Ocmms
943 2228 1232 2295 Pentecosten.

197 2342 323 2408 Excita
351 2364 534 2427 quesumus
571 2342 707 2407 domine
740 2352 875 2406 tuorum
905 2339 1054 2405 fidelium
1084 2340 1297 2406 uoluntates.
1315 2350 1352 2405 ut

153 2430 257 2495 diuini
267 2432 375 2513 operis
388 2431 531 2494 fructum
547 2430 745 2512 propensius
759 2438 974 2511 exequentes.
983 2429 1119 2510 pietatis
1134 2438 1194 2492 tua
1209 2428 1354 2492 remedia

154 2519 279 2582 maiora
295 2518 487 2600 percipiant.
503 2537 569 2600 per.

685 2635 822 2701 Secreta.

198 2741 379 2824 [Propitius
403 2751 475 2804 esto
498 2741 632 2804 domine
655 2739 955 2822 supplicationibus
979 2738 1107 2801 nostris
1132 2747 1165 2802 et
1226 2739 1282 2822 [fo.
1305 2756 1390 2819 99-

154 2830 269 2912 populi
280 2831 328 2892 tui
338 2828 542 2891 orationibus
558 2827 798 2910 praecibusquc
814 2827 984 2909 susceptis
1001 2827 1152 2888 omnium
1166 2837 1390 2891 nostrorunt

154 2918 196 2979 ad
228 2926 261 2978 te
292 2916 392 2978 corda
425 2927 590 2978 conuerte,
620 2924 658 2977 ut
688 2935 708 2976 a
739 2915 876 2976 terrenis
906 2912 1145 2994 cupiditatibus
1176 2914 1281 2977 liberi.
1310 2915 1390 2982 αξ

154 3003 309 3066 caelestia
324 3003 487 3066 desideria
504 3013 719 3063 transeamus.
735 3021 794 3083 per
809 3001 992 3063 dominum.

671 3120 834 3200 Presatio.

198 3227 248 3290 (D
282 3237 415 3288 aeterne
445 3224 535 3287 deus.
592 3224 695 3289 Cuius
726 3225 834 3307 operis
864 3233 915 3287 est
945 3223 1035 3304 quod
1072 3223 1199 3287 conditi
1230 3244 1390 3295 sumus

155 3314 300 3375 muneris
315 3314 405 3394 quod
422 3313 575 3375 uiuimus.
591 3312 725 3394 pietatis
747 3312 838 3392 quod
862 3321 920 3374 tua
935 3331 1015 3392 erga
1031 3331 1092 3373 nos
1108 3312 1199 3373 dona
1214 3332 1385 3392 cognos.

153 3404 266 3462 cimus.
312 3399 476 3480 Quamuis
492 3399 580 3460 enim
601 3409 719 3461 natura
738 3408 851 3460 nostra
870 3399 997 3479 peccati
1014 3399 1134 3461 uitiata
1149 3399 1193 3462 sit
1208 3400 1369 3466 uulnere

153 3508 173 3549 a
210 3489 347 3548 terrenis
385 3496 497 3549 tamen
535 3487 578 3548 ad
616 3486 772 3548 caelestia
808 3485 1009 3568 prouehitur.
1047 3495 1106 3547 tuo
1143 3486 1364 3552 inenarrabili

154 3593 298 3636 munere.
316 3593 374 3655 per
389 3574 547 3636 christum
564 3573 737 3636 dominum
760 3583 918 3635 nostrum.

600 3694 631 3756 A
636 3693 662 3755 d
679 3693 905 3774 complendum.

197 3797 352 3861 Concede
389 3797 486 3859 nobis
533 3797 668 3859 domine
713 3817 903 3878 quesumus.
946 3805 983 3859 ut
1029 3806 1238 3860 sacramenta
1264 3813 1332 3876 quae

153 3886 365 3966 sumpsimus.
396 3884 554 3965 quicquid
585 3885 617 3946 in
650 3881 799 3958 nostrae†
829 3894 941 3946 mente
971 3884 1130 3947 uitiosum
1161 3894 1220 3946 est.
1249 3883 1328 3965 ipsius

155 3971 384 4035 medicationis
400 3974 491 4034 dono
506 3981 645 4035 curetur.
662 3991 720 4054 per
735 3971 918 4034 dominum.

391 4154 591 4218 D0M1N1cn
616 4155 640 4218 I.
663 4168 713 4218 ou
738 4154 930 4218 Auuauuu
956 4153 1114 4218 Donum.

196 4265 320 4329 Excita
350 4268 485 4329 domine
515 4286 698 4348 quesumus
721 4268 907 4349 potentiam
940 4277 1033 4331 tuam
1063 4276 1098 4330 et
1128 4267 1214 4331 ueni.
1242 4277 1278 4330 ut
1302 4267 1336 4331 ab

154 4353 369 4417 iminentibus
408 4363 619 4435 pcccatorum
662 4364 851 4417 nostrorum
890 4353 1054 4437 periculis.
1096 4363 1130 4419 te
1169 4374 1339 4421 mereamur

151 4450 348 4524 protegente
363 4441 453 4523 eripi.
469 4451 503 4504 te
518 4440 679 4505 liberante
694 4440 822 4505 saluari.
839 4442 896 4524 qui
912 4442 1006 4506 uiuis
