3046 5092
151 261 185 322 48
421 265 494 314 VIII.
524 264 607 313 KAL.
639 263 715 313 IAN.
759 262 812 312 NA
821 262 917 312 TALE
942 262 1093 312 DOMINI.

152 413 255 476 libera
279 435 333 477 me
357 435 415 496 per
437 414 501 477 hoc
524 424 772 478 sacrosanctum
795 435 916 497 corpus
938 423 972 477 et
994 413 1192 496 sanguinem
1216 423 1310 476 tuum
1335 433 1355 475 a

152 501 280 563 cunctis
295 502 526 583 iniquitatibus
543 503 635 564 meis.
659 511 693 564 et
708 502 751 564 ab
774 502 936 565 uniuersis
961 501 1064 564 malis.
1081 510 1115 564 et
1138 499 1190 563 fac
1213 521 1266 563 me
1289 499 1355 562 tuis

153 607 284 669 semper
305 587 441 652 obedire
464 590 639 652 mandatis.
662 598 696 652 et
718 609 738 651 a
761 598 794 651 te
818 608 989 670 nunquam
1012 588 1156 670 separari
1174 587 1354 669 permittas.

157 674 277 737 Amen.

198 759 297 841 Quod
321 783 378 824 ore
400 763 602 844 sumpsimus
627 771 738 825 mente
765 782 848 844 pura
877 761 1057 843 capiamus,
1089 770 1124 824 et
1153 760 1196 823 de
1219 780 1356 823 munere

153 848 327 929 temporali
344 848 402 912 fiat
418 850 513 913 nobis
530 850 710 913 remedium
728 849 977 930 sempiternum.
1023 847 1159 930 Amen]

307 1061 371 1146 [ιχ.
397 1062 487 1125 KAL.
507 1063 586 1125 lau.
614 1061 767 1127 Urornm
794 1060 961 1124 NATAms
986 1060 1144 1124 Dorum.
1233 1057 1288 1142 [fo.
1307 1075 1358 1138 31.

199 1199 292 1261 Deus
329 1199 386 1280 qui
424 1219 484 1260 nos
522 1196 761 1278 redemptionis
799 1206 933 1258 nostrae
970 1215 1082 1257 annua
1119 1196 1359 1278 expectatione

155 1284 321 1348 laetificas.
339 1295 470 1367 praesta
486 1295 522 1347 ut
538 1284 747 1366 unigenitum
765 1293 859 1346 tuum
883 1303 983 1365 quem
1007 1284 1252 1364 redemptorem
1277 1282 1356 1345 laeti

154 1373 359 1454 suscipimus.
398 1373 586 1434 uenientem
639 1390 772 1452 quoque
817 1370 960 1433 iudicem
1014 1369 1119 1432 securi
1171 1371 1358 1433 uideamus.

156 1459 328 1523 dominum
343 1470 501 1522 nostrum.

688 1579 825 1644 Secreta.

200 1695 254 1756 Da
270 1694 365 1757 nobis
381 1712 560 1774 quesumus
576 1693 789 1773 omnipotens
802 1692 893 1755 deus.
905 1702 942 1754 ut
957 1691 1042 1755 sicut
1055 1693 1098 1755 ad
1111 1692 1284 1755 adoranda
1301 1690 1359 1755 filii

155 1781 202 1844 tui
220 1781 375 1843 natalicia
391 1780 633 1862 praeuenimus.
649 1780 695 1841 sic
712 1779 782 1842 eius
806 1798 943 1842 munera
965 1779 1137 1861 capiamus
1153 1780 1360 1862 sempiterna

157 1868 350 1950 gaudentes.
363 1868 419 1949 qui
435 1877 553 1929 tecum.

669 1990 852 2070 Praefatio.

201 2105 251 2168 (D
267 2114 300 2167 et
313 2104 436 2167 iustum
453 2112 503 2166 est
520 2122 664 2184 aequum
680 2112 714 2166 et
729 2102 874 2165 salutare
891 2122 951 2164 nos
966 2103 1027 2166 tibi
1044 2123 1173 2184 semper
1185 2112 1219 2165 et
1234 2103 1359 2184 ubique

156 2193 279 2273 gratias
305 2211 411 2273 agere.
428 2191 563 2253 domine
586 2199 721 2252 sanctae
744 2199 839 2272 pater
862 2191 1073 2271 omnipotens
1095 2200 1250 2253 aeternae
1266 2191 1358 2253 deus.

158 2299 216 2360 per
231 2277 389 2341 christum
413 2278 586 2340 dominum
611 2285 770 2339 nostrum.
795 2276 899 2340 Cuius
921 2275 1021 2339 hodie
1038 2275 1155 2339 faciem
1173 2277 1205 2338 in
1229 2276 1358 2340 conses-

157 2365 250 2427 sione
266 2365 509 2448 praeuenimus.
525 2373 559 2426 et
575 2383 657 2426 uoce
672 2362 812 2446 supplici
827 2383 1014 2426 exoramus.
1031 2372 1067 2426 ut
1082 2383 1182 2445 super
1197 2373 1358 2427 uenturae

158 2453 264 2515 noctis
288 2451 411 2514 officiis.
434 2471 494 2512 nos
507 2451 554 2512 ita
570 2450 747 2532 peruigiles
763 2450 881 2513 reddat
898 2460 935 2512 ut
951 2450 1087 2512 sinceris
1103 2450 1273 2514 mentibus
1288 2452 1358 2513 eius

158 2540 325 2621 percipere
356 2558 541 2599 mereamur
572 2536 683 2598 natale
713 2546 899 2599 uenturum.
935 2536 972 2598 In
1005 2557 1073 2617 quo
1111 2537 1286 2599 inuisibilis
1313 2557 1356 2599 ex

157 2626 344 2688 substantia
360 2634 417 2687 tua
434 2623 572 2687 uisibilis
588 2644 648 2705 per
662 2644 795 2686 carnem
812 2625 966 2705 apparuit
979 2624 1011 2685 in
1025 2634 1145 2687 nostra.
1163 2623 1357 2706 'secumque

159 2733 249 2775 unus
266 2733 333 2775 non
349 2723 500 2794 tempore
515 2712 654 2792 genitus.
672 2730 738 2772 non
758 2721 875 2773 natura
899 2711 1038 2773 inferior.
1055 2712 1097 2773 ad
1122 2732 1182 2774 nos
1197 2712 1291 2774 uenit
1313 2733 1357 2774 ex

158 2811 328 2881 temporae
345 2808 449 2861 natus.
461 2819 519 2880 per
534 2818 642 2879 quem.

604 2932 667 2994 Ad
678 2932 903 3012 complendum.

203 3047 257 3108 Da
289 3046 385 3109 nobis
423 3045 558 3108 domine
595 3064 775 3125 quesumus
817 3044 978 3124 unigeniti
1018 3043 1074 3106 filii
1109 3045 1157 3107 tui
1197 3047 1359 3108 recensita

159 3135 333 3196 natiuitate
350 3134 516 3214 respirare.
533 3132 626 3193 cuius
643 3131 775 3193 caelesti
794 3132 953 3212 mysterio
966 3132 1133 3212 pascimur
1148 3142 1181 3195 et
1195 3143 1360 3214 potamur.

160 3242 218 3302 per
234 3220 386 3283 eundem.

159 3447 234 3495 vm.
274 3433 365 3495 KAL.
398 3432 478 3494 Ian.
507 3430 851 3578 NnranMDoumr
884 3444 935 3492 nu
975 3429 1158 3494 Snncrnnr
1198 3432 1358 3496 Mummi

706 3529 857 3579 AIOREM.

204 3659 296 3720 Deus
327 3657 383 3739 qui
414 3656 499 3718 hanc
531 3655 787 3717 sacratissimam
820 3664 951 3715 noctem
985 3655 1052 3717 ueri
1087 3654 1221 3718 luminis
1253 3655 1363 3722 fecisti

160 3745 378 3808 illustratione
402 3744 588 3805 clarescere.
605 3743 648 3803 da
672 3760 851 3822 quesumus
876 3750 912 3803 ut
929 3742 1020 3803 cuius
1043 3741 1125 3803 lucis
1150 3746 1311 3824 mysteria
1329 3748 1363 3809 in

159 3846 244 3895 terra
282 3832 507 3912 cognouimus.
543 3831 612 3891 eius
648 3848 780 3910 quoque
811 3828 941 3910 gaudiis
980 3829 1013 3890 in
1044 3827 1152 3913 [caelo
1193 3827 1250 3914 [so.
1290 3849 1364 3912 31v.

159 3920 372 4002 perfruamur.
385 3919 441 3999 qui
454 3927 563 3980 tecum
580 3916 671 3979 uiuit.

690 4040 827 4104 Secreta.

203 4157 354 4237 Accepta
370 4154 429 4217 tibi
441 4156 483 4216 sit
495 4154 630 4216 domine
641 4173 822 4234 quesumus
835 4152 1015 4214 hodiernae
1028 4151 1219 4216 sestiuitatis
1230 4156 1364 4220 oblatio

158 4255 194 4307 ut
219 4255 277 4307 tua
301 4243 408 4324 gratia
432 4242 592 4321 largiente
619 4261 678 4322 per
708 4241 789 4302 haec
813 4250 1023 4302 sacrosancta
1053 4241 1282 4317 commercio†
1324 4247 1356 4307 in

157 4333 243 4394 illius
260 4331 467 4393 inueniamur
480 4329 585 4390 forma
612 4329 644 4389 in
670 4348 736 4409 quo
761 4337 870 4390 tecum
891 4337 941 4389 est
958 4336 1071 4390 nostra
1086 4328 1282 4393 substantia.
1307 4333 1365 4414 qui

158 4432 277 4482 tecum.
