3046 5092
434 252 525 301 DOM.
551 252 726 302 SANCTAE
748 253 980 303 RESURRECT
979 253 1084 303 10le

673 454 852 533 Praefatio.

204 559 253 622 tl)
282 558 327 621 Et
357 557 478 621 iustum
510 568 561 620 est
585 578 728 639 aequum
753 569 787 622 et
816 560 969 624 salutare.
1026 560 1076 623 Te
1106 560 1242 641 quidem
1273 560 1365 623 omni

159 653 336 727 temporae.
361 645 419 708 sed
450 646 483 707 in
514 645 576 706 hac
607 646 817 727 potissimum
848 657 946 709 nocte
968 647 1142 729 gloriosius
1164 648 1364 729 praedicare.

160 751 234 793 cum
253 733 375 814 pascha
398 741 548 794 nostrum
571 731 762 795 immolatus
788 742 839 795 est
860 733 1008 796 christus.
1058 735 1133 815 lpse
1155 735 1244 797 enim
1268 753 1365 796 uerus

159 828 210 880 est
236 838 342 899 agnus
368 819 424 900 qui
451 818 588 882 abstulit
618 829 755 899 peccata
787 819 909 882 mundi.
956 819 1022 902 Qui
1048 831 1189 884 mortem
1217 831 1365 884 nostram

159 905 331 967 moriendo
346 906 520 969 destruxit,
533 919 566 968 et
578 906 682 968 uitam
699 907 901 987 resurgendo
917 908 1089 989 reparauit.
1136 909 1181 972 Et
1196 908 1272 971 ideo
1287 926 1364 970 cum

158 993 295 1074 angelis.

622 1103 723 1184 Infra
736 1105 899 1168 actionem.

202 1209 495 1273 Communicantes
517 1217 550 1270 et
574 1220 705 1270 noctem
729 1209 986 1271 sacratissimam
1011 1209 1237 1272 caelebrantes
1260 1230 1365 1273 resur·

155 1297 308 1359 rectionis
338 1296 465 1357 domini
489 1297 591 1357 nostri
617 1296 685 1357 iesu
701 1295 813 1358 christi
836 1297 1019 1358 secundum
1044 1315 1185 1358 carnem.
1233 1296 1301 1361 Sed
1332 1305 1366 1360 et

155 1384 350 1446 memoriam
385 1391 589 1444 uenerantes.
637 1381 674 1443 ln
706 1382 820 1463 primis
858 1382 1021 1463 gloriosae
1058 1403 1190 1463 semper
1227 1384 1364 1465 uirginis

156 1471 278 1531 mariae
294 1469 460 1551 genitricis
476 1469 624 1530 eiusdem
640 1469 693 1530 dei
709 1477 743 1530 et
766 1469 893 1532 domini
917 1470 1019 1532 nostri
1039 1470 1108 1532 iesu
1129 1469 1249 1532 christi
1298 1469 1363 1534 Sed

155 1566 188 1619 et
206 1557 390 1618 beatorum.

715 1667 805 1731 Item.

200 1773 298 1834 Hanc
315 1769 626 1852 igituroblationem
637 1771 805 1834 seruitutis
816 1780 949 1834 nostrae
958 1773 1017 1835 sed
1026 1781 1060 1835 et
1072 1780 1210 1836 cunctae
1219 1771 1364 1834 familiae

154 1867 350 1940 tuae.quam
367 1859 428 1920 tibi
439 1856 614 1919 offerimus.
633 1877 693 1938 pro
703 1857 753 1919 his
766 1877 899 1938 quoque
910 1879 995 1940 quos
1005 1879 1197 1941 regenerare
1207 1860 1362 1941 dignatus

154 1968 189 2009 es
216 1950 272 2022 lex
295 1964 382 2026 aqua
405 1953 438 2006 et
461 1945 577 2024 spiritu
599 1956 723 2006 sancto,
740 1945 887 2006 tribuens
903 1947 951 2007 eis
968 1947 1194 2008 remissionem
1218 1944 1274 2028 [so.
1291 1961 1361 2026 73v.

153 2035 303 2095 omnium
322 2041 541 2113 peccatorum.
558 2049 738 2111 quesumus
754 2031 889 2094 domine
906 2043 942 2094 ut
958 2033 1107 2113 placatus
1123 2033 1276 2113 accipias.

610 2167 673 2230 Ad
683 2169 909 2250 coaptandum.

145 2320 148 2325 -
198 2274 358 2356 Spiritum
376 2272 471 2336 nobis
487 2273 621 2335 domine
649 2282 726 2336 tuae
751 2273 901 2335 karitatis
926 2272 1070 2336 infunde.
1087 2282 1123 2335 ut
1149 2292 1233 2352 quos
1258 2293 1362 2335 sacra-

155 2363 276 2424 mentis
307 2360 517 2442 paschalibus
548 2361 684 2425 satiasti.
715 2370 773 2423 tua
803 2360 903 2422 iacias
934 2360 1059 2441 pietate
1089 2361 1278 2423 concordes
1305 2380 1361 2442 per

154 2450 327 2512 dominum
345 2458 502 2510 nostrum.

383 2656 580 2718 Doumrcn
604 2669 771 2717 snscrnu
796 2654 1137 2730 ussunuucrrours.†

199 2803 291 2864 Deus
311 2801 366 2882 qui
391 2801 548 2861 hodierna
565 2801 617 2861 dic
634 2821 692 2881 per
707 2801 913 2881 unigenitum
931 2811 1024 2862 tuum
1042 2802 1247 2864 aeternitatis
1269 2803 1359 2865 nobis

154 2892 282 2952 aditum
314 2890 445 2949 deuicta
469 2896 576 2950 morte
602 2889 759 2949 reserasti.
784 2898 862 2949 uota
889 2897 1001 2949 nostra
1028 2909 1092 2968 quq
1119 2891 1360 2970 praeueniendo

155 2979 279 3058 aspiras
295 2977 395 3037 etiam
412 2975 603 3037 adiuuando
619 2995 823 3056 prosequere.
841 2995 899 3056 per
913 2975 1095 3038 dominum.

691 3112 827 3174 Secreta.

201 3219 338 3298 Suscipe
354 3218 489 3278 domine
505 3237 683 3297 quesumus
700 3238 833 3297 praeces
850 3216 963 3298 populi
986 3217 1033 3279 tui
1050 3236 1124 3278 cum
1141 3217 1361 3280 oblationibus

155 3307 345 3368 hostiarum.
364 3313 399 3364 ut
416 3303 624 3383 paschalibus
648 3304 776 3365 initiata
801 3305 974 3384 mysteriis.
992 3305 1033 3366 ad
1050 3306 1256 3367 aeternitatis
1272 3307 1363 3368 nobis

157 3392 321 3456 medelam
337 3400 372 3452 te
387 3401 544 3471 operante
561 3389 741 3472 proficiant.
759 3412 816 3472 per
831 3392 1004 3453 dominum
1022 3403 1180 3456 nostrum.

676 3527 855 3607 Praefatio.

201 3636 250 3697 (l)
267 3652 409 3713 aequum
437 3640 470 3692 et
493 3630 643 3693 salutare.
688 3631 738 3692 Te
754 3632 888 3712 quidem
904 3631 1165 3713 omnitempore.
1181 3632 1240 3695 sed
1258 3632 1289 3694 in
1307 3633 1368 3695 hac

159 3722 367 3804 potissimum
408 3719 461 3780 die
499 3719 673 3798 gloriosius
713 3719 902 3799 praedicare
940 3739 1014 3780 curn
1054 3718 1177 3800 pascha
1215 3731 1365 3783 nostrum

158 3808 349 3872 immolatus
374 3815 425 3866 est
449 3805 590 3866 christus
615 3826 673 3886 per
697 3826 796 3886 quem
824 3806 866 3867 ad
889 3815 1056 3867 aeternam
1073 3806 1176 3866 uitam
1201 3805 1259 3868 filii
1284 3808 1366 3871 lucis

157 3898 314 3958 oriuntur.
331 3892 483 3954 fidelibus
507 3893 596 3972 regni
622 3891 772 3954 caelestis
797 3895 880 3954 atria
907 3902 1097 3954 reserantur.
1120 3902 1153 3954 et
1180 3892 1368 3977 beatilege

158 3981 354 4046 commercii.
380 3980 500 4041 diuinis
527 3980 673 4041 humana
698 3990 876 4041 mutantur.
900 3980 977 4060 quia
1002 3989 1189 4041 nostrorum
1214 3983 1367 4044 omnium

159 4092 247 4132 mors
271 4088 366 4130 cruce
382 4066 493 4129 christi
518 4078 690 4147 perempta
706 4077 764 4129 est.
781 4068 858 4129 etin
876 4067 1112 4128 resurrectione
1127 4068 1197 4128 eius
1213 4071 1368 4132 omnium

159 4160 228 4219 uita
245 4156 430 4216 resurrexit.
448 4174 545 4234 quem
564 4154 595 4214 in
612 4155 822 4233 susceptione
839 4152 1049 4215 mortalitatis
1065 4153 1164 4214 deum
1182 4155 1370 4220 maiestatis

159 4245 378 4324 agnoscimus.
395 4251 429 4303 et
446 4242 477 4302 in
495 4241 678 4303 diuinitatis
695 4240 799 4321 gloria
816 4241 915 4302 deum
929 4248 962 4302 et
978 4240 1145 4301 hominem
1159 4239 1370 4307 confitemur.

160 4332 228 4413 (qui
255 4341 394 4391 mortem
412 4339 558 4391 nostram
576 4328 748 4389 moriendo
763 4328 928 4390 destruxit
944 4336 977 4389 et
993 4327 1096 4389 uitam
1113 4347 1218 4388 resur·
1243 4327 1302 4410 [lo.
1321 4351 1372 4415 74

159 4419 270 4499 gendo
287 4416 458 4500 reparauit.
505 4416 550 4478 Et
566 4414 649 4479 ideo.
