3046 5092
465 336 521 386 DE
546 336 568 386 C
570 337 704 389 OMI'UT
703 339 724 388 0
747 337 1046 388 ECCLESIASTICO.
1327 342 1356 390 4¹

155 485 294 565 deponit
310 495 416 550 xxxta
430 489 502 552 dies
517 500 694 571 supersunt
711 491 743 552 iii
760 491 792 554 id
809 492 840 553 vi
853 492 924 554 dies
940 493 981 554 de
996 491 1029 552 vi
1044 509 1133 552 anno
1148 508 1231 551 com.
1256 485 1298 548 id.
1322 482 1357 545 xi

155 570 227 633 dies
243 585 419 656 supersunt
434 578 513 638 anni
529 577 615 639 solis,
632 577 711 658 quia
725 578 772 640 sic
788 598 871 640 com.
888 579 983 641 aliter
998 578 1101 639 annis,
1125 577 1158 638 id
1182 579 1358 657 supersunt

155 676 175 719 a
202 658 272 722 sole
297 662 344 723 xii
371 663 450 725 dies,
477 664 564 725 inter
587 665 671 726 duos
696 684 802 727 annos
825 674 858 727 et
881 686 942 727 sex
966 665 1158 745 superiores.
1175 663 1207 724 id
1225 678 1359 722 necesse

156 753 259 808 estut
276 747 308 809 in
325 747 458 822 alteri0†
474 770 562 812 anno
578 749 615 813 fit
631 750 854 814 embolismus.
871 761 904 813 et
920 772 986 813 non
1010 752 1117 813 solum
1142 747 1358 812 embolismus

157 832 273 913 implet
291 835 361 896 dies
377 837 440 898 xix
457 837 499 897 ad
516 847 693 918 supersunt
709 838 730 899 ii
747 839 818 900 dies
834 859 854 900 a
869 838 955 900 luna.

199 919 433 1001 Augmentum
461 923 538 985 lune
565 944 667 1004 quare
692 923 738 987 lit.
750 935 784 987 et
807 924 978 1005 quomodo
1002 923 1046 986 fit.
1071 935 1105 986 et
1128 923 1208 1005 quid
1225 929 1313 982 esset
1328 919 1354 980 si

157 1025 224 1068 non
248 1007 371 1071 fuisset.
395 1028 496 1091 quare
520 1011 552 1073 id
577 1021 627 1074 est
642 1010 745 1092 quae†
760 1023 810 1075 est
827 1013 859 1074 in
877 1022 995 1075 natura
1011 1011 1088 1073 lune
1103 1011 1251 1073 tarditas.
1267 1006 1357 1088 quod

158 1095 308 1173 superius
348 1097 500 1159 accensio
537 1098 607 1159 eius
652 1099 684 1159 in
732 1109 850 1161 natura
894 1118 994 1179 quam
1042 1106 1213 1179 putaretur
1263 1094 1357 1156 addit

157 1181 297 1244 tarditas
319 1182 398 1244 eius.
425 1183 531 1246 donec
559 1205 628 1246 nox
653 1185 789 1248 interest
811 1186 902 1266 quod
926 1186 1020 1248 addit
1044 1186 1077 1246 in
1101 1184 1209 1265 capite
1225 1180 1307 1244 xixti
1325 1180 1356 1241 in

158 1276 291 1330 noctem
322 1289 423 1349 quam
455 1271 593 1333 adderet
624 1271 657 1333 id
689 1282 765 1353 post
794 1292 895 1352 quam
927 1272 1078 1334 uenerint
1109 1269 1191 1332 xixti
1222 1289 1281 1350 per
1311 1287 1357 1328 xv

156 1356 293 1435 quando
309 1365 479 1436 putaretur
493 1358 646 1420 accensio
669 1357 767 1421 lunae
789 1379 861 1421 esse
884 1360 917 1421 in
940 1358 1147 1440 plenitudine
1169 1357 1245 1419 licet
1268 1354 1358 1437 prius

155 1440 466 1522 deprehenderetur.

203 1527 375 1591 Kalendas
405 1549 522 1611 grecus
552 1550 661 1593 sermo
692 1540 743 1594 est
773 1533 830 1594 sed
870 1531 912 1594 ad
951 1530 1128 1594 colendum
1166 1529 1287 1593 dicitur
1324 1528 1357 1589 in

158 1612 309 1678 latinum.
334 1617 527 1680 uocationes
557 1617 713 1681 dicuntur
742 1618 832 1700 apud
862 1638 979 1700 grecos
1009 1618 1051 1680 de
1081 1616 1166 1679 kalo
1198 1615 1357 1678 kalendas

156 1700 247 1782 apud
260 1700 382 1766 latinos
396 1703 581 1767 diriuantur
596 1703 639 1766 de
655 1725 740 1768 uoco
756 1706 955 1768 uocationes.
994 1704 1110 1766 Nonas
1125 1723 1241 1785 grecus
1250 1722 1359 1765 sermo

157 1797 210 1850 est
239 1788 329 1873 unde
358 1791 497 1855 ueniunt
526 1810 635 1853 nonae
665 1811 774 1854 nonae
804 1812 824 1855 a
855 1792 1011 1855 nundinis
1049 1792 1233 1854 diriuantur
1269 1788 1357 1871 apud

156 1893 282 1957 grecos.

202 1959 308 2043 Apud
342 1961 464 2027 latinos
498 1974 663 2029 mercatus
700 1963 753 2028 uel
793 1965 1006 2028 mercimonia
1043 1965 1199 2027 dicuntur
1237 1961 1269 2024 id
1308 1969 1358 2022 est

158 2067 277 2130 grecus
292 2069 402 2112 sermo
417 2058 468 2113 est
484 2051 516 2113 in
541 2050 681 2115 latinum
704 2052 826 2115 dicitur
851 2071 908 2114 cor
933 2051 1096 2114 mensium
1121 2050 1172 2112 uel
1198 2049 1359 2111 medietas

158 2136 333 2199 mensium.

205 2221 344 2304 Propter
359 2223 448 2305 quod
465 2232 544 2287 sunt
559 2226 648 2289 dicte
664 2225 815 2303 kalende.

206 2307 379 2373 Kalendas
403 2330 511 2373 nonus
535 2321 612 2393 post
639 2313 713 2375 idus
738 2329 854 2393 grecus
881 2331 990 2373 sermo
1017 2321 1067 2374 est
1092 2319 1228 2393 propter
1253 2308 1359 2370 foetos

159 2394 231 2458 dies
256 2397 384 2459 romani
409 2397 631 2461 instituerunt.
656 2399 708 2461 uel
734 2408 870 2480 propter
894 2398 1002 2460 officia
1030 2398 1272 2479 magistrorum.
1319 2394 1357 2456 ln

159 2480 212 2543 his
236 2483 325 2546 enim
350 2483 469 2546 diebus
491 2485 783 2566 congregabantur
807 2486 839 2547 in
864 2485 1009 2547 urbibus.
1070 2483 1216 2567 Quidam
1247 2492 1359 2543 autem

158 2567 320 2632 kalendas
335 2591 356 2632 a
370 2570 511 2634 colendo
525 2571 684 2654 appellari
700 2573 913 2635 exestimant.
929 2571 981 2633 uel
997 2592 1017 2633 a
1040 2571 1122 2633 calu.
1146 2570 1179 2632 id
1202 2579 1253 2632 est
1276 2586 1360 2630 uoco

159 2655 348 2738 astrologus
375 2657 519 2721 uocabat
556 2658 717 2741 populum
756 2668 793 2721 ut
831 2659 981 2721 uiderent
1012 2658 1241 2720 accensionem
1283 2654 1359 2730 lune

158 2741 209 2825 lid
234 2753 285 2806 est
309 2745 440 2807 initium
466 2745 572 2827 prime
600 2745 705 2808 lunae.
722 2745 774 2808 uel
791 2745 960 2808 stellarum
977 2765 1118 2807 cursum.
1134 2763 1220 2824 quae
1235 2741 1291 2825 [s0.
1310 2758 1327 2803 2
1332 2758 1358 2821 3.

159 2838 241 2892 ante
264 2841 323 2894 aut
339 2842 426 2895 retro
449 2841 593 2895 currunt.
616 2831 705 2914 apud
734 2842 863 2895 ueteres
893 2832 982 2893 enim
1013 2832 1162 2894 omnium
1194 2829 1357 2892 mensium

158 2917 356 2998 principalia
385 2917 587 2982 colebantur.
633 2918 752 2981 Nonae
782 2928 918 3001 propter
947 2920 1036 2999 quod
1068 2919 1195 2981 dicitur.
1241 2915 1360 2978 Nonae

159 3023 182 3065 a
212 3006 369 3067 nundinis
392 3015 520 3082 uocate.
551 3006 699 3068 nundine
729 3007 818 3068 enim
849 3015 927 3068 sunt
951 3005 1103 3086 publicae
1129 3002 1359 3066 conuentionis

159 3089 195 3152 id
222 3099 274 3153 est
304 3111 324 3152 a
354 3092 587 3173 negotiatione.
612 3093 683 3155 siue
710 3093 933 3155 mercimonia.
958 3093 1105 3154 nundine
1131 3090 1360 3171 sollempnitas

158 3176 290 3239 dicitur.
306 3197 407 3258 quare
422 3179 551 3260 antiqui
567 3180 642 3241 iiii⁰r
658 3199 734 3242 non.
751 3178 803 3241 uel
820 3179 852 3241 vi
877 3198 950 3240 non.
974 3179 1190 3242 diuisissent?
1214 3178 1259 3239 iiii
1282 3194 1359 3239 non.

159 3261 214 3325 uel
238 3264 270 3325 vi
296 3283 370 3327 non.
397 3263 473 3327 ideo
499 3266 684 3329 diuiserunt
709 3276 745 3328 ut
769 3285 835 3328 non
861 3266 983 3328 scirent
1008 3265 1152 3327 latrones
1177 3274 1359 3326 mercatum

157 3349 292 3412 illorum
316 3351 451 3432 quando
477 3371 549 3414 esse
575 3352 706 3415 debeat.
731 3354 808 3434 quia
825 3351 1075 3414 abscondebant
1091 3371 1126 3414 se
1149 3372 1208 3432 per
1230 3350 1361 3412 diuersa

157 3436 300 3500 latibula
336 3438 369 3500 in
406 3439 540 3501 secretis
578 3439 658 3501 locis
703 3441 799 3502 iuxta
844 3440 943 3501 uiam.
990 3448 1023 3501 et
1061 3438 1271 3501 uenientibus
1316 3436 1359 3499 ad

160 3534 354 3587 mercatum.
392 3525 590 3588 occidebant
627 3536 661 3589 et
691 3526 889 3608 spoliabant.
935 3524 1012 3606 Qua
1042 3545 1142 3587 causa
1173 3525 1251 3586 dicti
1282 3532 1360 3585 sunt

159 3610 236 3672 idus
280 3630 338 3672 cor
382 3612 544 3674 mensium
590 3612 642 3675 uel
683 3612 844 3675 medietas
889 3613 1061 3674 mensium.
1123 3612 1203 3674 Idus
1248 3620 1359 3672 autem

159 3696 357 3778 plerumque
384 3696 561 3761 latinorum
589 3700 632 3761 ad
657 3700 845 3762 aedendum
871 3699 997 3762 dictum
1014 3708 1141 3775 putant.
1197 3697 1298 3780 Quod
1315 3696 1360 3758 hii

159 3782 232 3844 dies
269 3783 360 3865 apud
397 3793 526 3847 ueteres
571 3785 763 3867 aepularum
808 3794 919 3848 essent
964 3786 1015 3848 uel
1062 3785 1188 3867 species
1230 3784 1361 3846 mensis.

158 3870 338 3951 sequentis.
368 3870 421 3934 uel
445 3881 580 3953 propter
606 3873 754 3935 medium
782 3892 931 3935 mensem
956 3874 1033 3953 quia
1061 3874 1134 3934 idus
1156 3868 1251 3944 uarel
1265 3890 1360 3952 grece

159 3956 309 4019 medium
325 3957 452 4021 dicitur.

206 4043 327 4105 Annus
337 4043 438 4108 habet
449 4065 578 4108 menses
589 4046 645 4107 xii.
659 4045 864 4108 ebdomadas
874 4046 907 4107 lii
924 4056 957 4109 et
967 4047 1056 4108 diem
1067 4054 1217 4108 unumet
1227 4043 1363 4125 quando

159 4129 332 4193 bissextus
353 4133 499 4195 euenerit
521 4132 591 4195 dies
615 4133 666 4194 ii⁰s
688 4141 721 4194 et
744 4130 845 4195 habet
862 4133 932 4213 ipse
948 4153 1055 4195 annus
1070 4131 1167 4194 horas
1183 4132 1239 4193 viii
1256 4130 1361 4193 millia

160 4216 273 4279 Declx
290 4227 325 4279 et
340 4216 441 4281 habet
453 4228 595 4301 punctos
611 4239 711 4281 xxxv
726 4228 760 4281 et
779 4219 915 4300 insuper
929 4219 1026 4281 horas
1043 4218 1079 4281 xl
1097 4219 1200 4281 millia
1216 4228 1249 4280 et
1272 4218 1361 4299 ipsas

158 4303 275 4366 diuide
298 4303 331 4365 in
355 4315 482 4385 septem
506 4316 626 4386 partes.
649 4306 792 4387 septima
808 4325 883 4387 pars
899 4326 943 4368 ex
960 4307 1039 4386 ipsis
1054 4304 1151 4367 horis.
1167 4315 1244 4367 sunt
1261 4304 1361 4366 horae

159 4389 252 4453 mille
266 4389 361 4452 cclxa
375 4401 409 4452 et
423 4391 466 4454 de
482 4392 560 4474 ipsis
577 4401 750 4455 remanent
766 4393 799 4454 iii
816 4402 913 4455 extra
929 4393 1115 4475 portionem
1139 4391 1303 4453 horarum.
1328 4399 1361 4451 et

157 4478 231 4560 ipse
246 4477 280 4539 iii
296 4476 400 4539 horae
415 4476 539 4542 faciunt
554 4480 750 4544 bissextum.
