3046 5092
174 308 222 363 138
501 298 648 351 nensis
660 300 821 351 summ
833 298 950 353 mm
965 298 1037 351 1111.

627 470 737 557 Super
748 470 913 559 populana

214 572 348 641 Adesto
382 574 519 641 domine
554 576 853 661 supplicationibus
884 574 1013 641 nostris
1041 583 1077 641 et
1105 574 1261 643 nibil-de
1289 572 1365 651 sirol

170 664 374 727 conscientia
395 660 737 747 praesummentibusl
758 662 916 727 ineffabili
930 662 1141 729 miseratione
1153 682 1315 729 succurre
1328 672 1364 729 ut

168 750 273 900 ἓιιοᾰι
306 750 409 815 babet
439 749 562 815 fiducia
592 751 785 815 meritorum
814 760 873 815 tua
900 748 1049 815 conferat
1076 748 1215 835 largitas
1242 750 1363 817 inuicta

192 856 343 901 onorum.
359 858 425 921 per.

293 1024 493 1090 Dournrcs
514 1024 632 1089 XVII.
654 1038 746 1089 rosr
768 1022 941 1091 Ocrams
963 1024 1248 1105 Pnurqcosrss.

212 1142 364 1209 Absolue
388 1164 571 1229 quesumus
598 1144 735 1209 domine
757 1154 889 1209 tuorum
914 1143 1037 1209 delicta
1057 1142 1267 1227 populorum.
1287 1150 1357 1207 eta

168 1242 379 1313 peccatorum
405 1242 594 1297 nostrorum
614 1230 758 1295 nexibus
774 1251 861 1316 quae
883 1250 944 1314 pro
964 1238 1078 1295 nostra
1092 1230 1356 1315 fragilitatecon

168 1318 342 1384 traximus.
356 1328 416 1383 tua
429 1319 637 1401 benignitate
652 1318 834 1382 liberemur.
850 1337 909 1402 per
922 1318 1104 1383 dominum

700 1436 839 1503 Secreta.

210 1542 275 1605 Pro
289 1550 424 1607 nostrae
438 1543 608 1607 seruitutis
621 1552 803 1625 augmento
819 1540 1014 1607 sacrificium
1029 1540 1089 1605 tibi
1105 1540 1243 1605 domine
1257 1538 1352 1605 laudis

165 1627 343 1693 offerimus.
358 1640 491 1712 praesta
504 1649 686 1713 quesumus
708 1638 746 1693 ut
767 1630 858 1713 quod
874 1629 999 1693 meritis
1013 1627 1185 1693 contulisti
1199 1626 1350 1713 propitius

166 1717 350 1797 exequaris.
364 1736 425 1799 per
439 1715 623 1782 dominum.

669 1830 851 1901 Precatio.

208 1940 258 2005 il)
282 1950 416 2004 aeterne
439 1940 530 2005 deus
575 1937 666 2022 Quia
687 1834 889 2005 cumflaude
915 1946 1028 2003 nostra
1053 1957 1121 2003 non
1143 1957 1251 2021 egeas
1264 1944 1345 2021 grati

164 2036 277 2090 tamen
301 2026 361 2091 tibi
395 2037 446 2092 est
476 2038 608 2091 tuorum
638 2027 776 2091 deuotio
805 2025 1012 2091 lamulonrm.
1071 2024 1145 2089 Nec
1173 2034 1209 2091 te
1236 2028 1343 2107 augunt

163 2123 277 2178 nostra
303 2114 488 2197 praeconia
514 2114 573 2178 sed
598 2112 695 2178 nobis
717 2112 895 2197 proliciunt
919 2114 962 2177 ad
987 2112 1138 2177 salutem.
1192 2110 1341 2195 Quoniam

162 2202 248 2266 sicut
257 2199 384 2265 iontem
395 2203 485 2265 uitae
499 2201 676 2285 praeterire
690 2220 791 2265 causa
805 2199 967 2264 moriendi
981 2210 1040 2263 est
1050 2200 1098 2263 sic
1109 2198 1230 2265 eodem
1241 2195 1342 2279 iugiter

162 2287 348 2352 redundare
363 2286 502 2353 affectus
516 2298 567 2353 est
582 2288 654 2351 sine
669 2287 735 2352 line
750 2287 894 2351 uiuendi.
908 2296 944 2351 et
957 2284 1043 2351 ideo.

614 2416 678 2481 Ad
686 2414 911 2499 oerrplendum.

204 2519 396 2603 Quesuruus
414 2521 627 2605 omnipotens
642 2522 724 2583 deus
750 2529 785 2583 ut
810 2540 893 2601 quos
920 2518 1033 2581 diuina
1048 2515 1165 2580 tribuis
1181 2512 1333 2599 participa·

163 2608 252 2671 tione
263 2610 430 2691 gaudere.
441 2608 594 2671 humanis
609 2629 673 2670 non
686 2609 774 2669 sinas
784 2608 952 2669 subiacere
968 2604 1128 2687 periculis.
1141 2624 1208 2686 per.
1221 2602 1283 2685 [iol.
1295 2609 1332 2679 95·

623 2734 652 2798 S
652 2748 730 2817 uper
735 2736 897 2817 populum.

204 2839 259 2902 Da
274 2860 455 2922 quesumus
469 2839 605 2902 domine
628 2839 753 2921 populo
769 2850 828 2901 tuo
843 2849 876 2901 et
893 2848 1038 2900 mentem
1058 2857 1125 2919 qua
1140 2837 1200 2900 tibi
1215 2838 1328 2900 deuotus

160 2928 294 2989 existat.
318 2940 351 2989 et
379 2927 581 2989 intellectum
608 2947 674 3007 quo
701 2928 806 2988 iustae
831 2927 997 3007 deposcat
1023 2935 1055 2987 et
1088 2924 1327 3006 propitiationem

160 3028 252 3076 tuam
283 3035 350 3095 qua
379 3015 454 3096 piae
483 3013 748 3077 desiderantibus
777 3034 863 3094 quae
893 3024 970 3076 sunt
1000 3012 1169 3094 profutura
1199 3007 1326 3094 perficiat

159 3121 224 3184 per.

492 3268 638 3331 Mensis
660 3268 740 3332 Vll.
787 3270 905 3332 anm
931 3269 1016 3332 llll.

201 3389 448 3452 Misericordiae
463 3397 540 3451 tuae
556 3390 709 3451 remediis
724 3410 903 3472 quesumus
919 3391 1054 3452 domine
1070 3388 1226 3472 fragilitas
1240 3392 1327 3451 nostra

157 3476 322 3540 subsistat.
335 3486 371 3539 ut
380 3497 466 3559 quae
478 3496 538 3537 sua
547 3477 737 3539 conditione
749 3479 907 3540 atteritur.
919 3488 976 3540 tua
991 3477 1168 3540 clementia
1180 3484 1327 3560 reparetur.

156 3584 222 3647 per.

717 3683 807 3747 Alia.

200 3784 336 3847 Praesta
351 3802 531 3865 quesumus
546 3781 681 3844 domine
698 3782 842 3845 familiae
857 3783 1066 3865 supplicanti.
1079 3794 1115 3846 ut
1131 3784 1210 3847 dum
1225 3802 1245 3844 a
1258 3773 1330 3861 cybis

155 3870 381 3952 corporalibus
405 3890 440 3931 se
465 3869 641 3932 abstinent.
659 3890 679 3931 a
694 3871 783 3933 uitiis
800 3881 911 3933 mente
937 3871 1091 3934 ieiunent.
1108 3892 1168 3954 per
1181 3869 1331 3934 dominun

156 3969 314 4021 nostrum.

689 4075 828 4140 Secreta.

199 4180 295 4243 Haec
321 4178 429 4243 hostia
456 4178 591 4243 domine
617 4199 798 4262 quesumus
828 4182 988 4244 emundet
1018 4191 1132 4245 nostra
1161 4180 1286 4244 delicta
1311 4182 1339 4238 et

152 4266 348 4330 sacrificium
372 4266 629 4329 caelebrandum
659 4268 869 4331 subditorum
901 4268 960 4331 tibi
991 4288 1130 4351 corpora
1161 4280 1340 4351 mentesque

152 4352 343 4417 sanctificet.
360 4372 418 4435 per
432 4354 615 4418 dominum.

512 4484 520 4516 ¹
536 4487 597 4537 ll'on
608 4490 756 4554 apparently
767 4491 874 4541 omitted
885 4490 912 4541 in
924 4489 980 4543 MS.
