3046 5092
318 350 406 402 NON.
436 350 514 402 OCT.
542 349 629 400 ΝΑΤ.
656 350 704 401 SS.
733 350 934 401 MARCELLI
955 350 1013 400 ET
1032 350 1184 401 APULEI.
1313 361 1360 413 217

692 514 830 581 Secreta.

201 629 337 693 Auditis
353 629 542 692 nominibus
558 626 767 692 offerentium
784 628 901 691 fratres
917 628 1081 691 karissimi
1098 629 1224 691 domini
1242 630 1359 692 maies-

158 725 261 780 tatem
278 717 522 799 depraecemur
538 725 574 778 ut
589 715 645 797 qui
662 715 765 778 uitam
791 717 841 778 sui
866 716 1024 777 antistitis
1052 715 1228 797 leodegarii
1252 726 1358 779 trans-

158 802 233 866 tulit
263 803 305 865 ad
344 822 500 865 coronam
539 822 598 883 per
627 804 849 865 interuentum
880 811 1070 865 sanctorum
1099 802 1356 884 patriarcharum

157 890 394 989 prophetarum
440 887 666 971 apostolorum
705 900 738 952 et
784 898 966 970 martyrum
1013 889 1184 951 anachorit
1172 899 1278 951 tarum
1324 901 1357 952 et

156 977 330 1058 uirginum
356 977 459 1038 omni
449 996 587 1074 umque
611 985 799 1038 sanctorum
829 976 1010 1037 concedere
1032 976 1194 1056 dignetur.
1212 976 1268 1057 [fu.
1290 991 1356 1055 155.

158 1074 195 1126 ut
210 1063 359 1126 sacrificii
375 1064 557 1144 praesentis
574 1061 699 1125 oblatio
715 1082 801 1161 quae
827 1061 964 1124 offertur
988 1063 1101 1125 uiuent
1089 1064 1176 1125 tibus
1201 1064 1357 1125 emenda-

158 1151 292 1212 tionem.
332 1160 365 1212 et
402 1149 567 1212 defunctis
611 1150 839 1211 remissionem
877 1148 1027 1211 obtineat
1066 1160 1180 1231 pecca
1183 1171 1285 1213 orum.
1324 1162 1356 1212 ct

157 1257 297 1317 quorum
328 1237 465 1298 nomina
495 1237 527 1298 in
559 1237 752 1299 recitatione
789 1235 957 1317 patefacta
989 1246 1065 1298 sunt
1096 1238 1129 1297 in
1160 1236 1357 1300 caelestibus

156 1324 287 1404 paginis
303 1323 560 1387 conscribantur.
576 1343 642 1404 per.

608 1442 671 1505 Ad
681 1442 906 1524 complendum.

200 1554 320 1617 Pacem
337 1553 447 1628 tuam†
462 1555 597 1617 domine
613 1557 733 1617 nostris
757 1555 891 1618 illabere
907 1557 1103 1637 pectoribus.
1121 1556 1198 1636 quia
1221 1556 1355 1619 beatum

157 1652 335 1723 martyrem
353 1652 445 1704 tuum
464 1642 688 1723 leodegarium
715 1643 747 1703 in
770 1642 833 1703 hoc
857 1641 988 1703 saeculo
1012 1653 1283 1706 commorantem.
1300 1665 1357 1724 per

156 1729 247 1809 pacis
263 1729 409 1791 studium
427 1729 526 1791 hodie
542 1729 693 1792 caelestis
716 1728 791 1790 aula
814 1730 958 1810 suscepit
982 1730 1078 1790 nobis
1094 1749 1226 1810 quoque
1243 1750 1356 1811 pecca-

154 1816 281 1877 toribus
298 1818 389 1897 pacis
406 1815 573 1877 uinculum
591 1827 624 1877 et
647 1816 798 1877 karitatis
823 1817 969 1878 studium
997 1816 1067 1877 eius
1095 1817 1219 1878 meritis
1242 1817 1356 1878 suflra-

155 1902 313 1982 gantibus
329 1903 438 1984 largiri
455 1902 569 1965 iubeas
585 1904 618 1964 in
635 1922 763 1964 aeuum.
781 1923 845 1983 per.

327 2089 424 2153 Nos.
448 2088 535 2153 Ocu.
560 2089 716 2152 Names
741 2088 881 2153 Sascri
907 2089 1031 2152 blanci
1058 2090 1188 2152 l'amu

199 2200 335 2263 Exaudi
360 2202 494 2264 domine
521 2221 700 2282 quesumus
726 2221 860 2282 praeces
888 2210 1027 2263 nostras
1058 2211 1091 2263 et
1116 2203 1356 2266 interueniente

156 2285 254 2349 beato
280 2308 391 2349 marco
415 2287 603 2350 consessore
624 2298 683 2350 tuo
707 2298 808 2369 atque
824 2288 988 2368 pontifice.
1005 2289 1263 2370 supplicationes
1281 2310 1356 2351 nos-

157 2382 223 2436 tras
239 2375 389 2456 placatus
407 2376 550 2437 intende.
567 2395 624 2456 per
640 2375 823 2437 dominum.

689 2502 827 2568 Secreta.

197 2613 349 2695 Accepta
371 2616 414 2676 sit
437 2616 470 2676 in
495 2624 674 2696 conspectu
699 2624 758 2677 tuo
782 2615 926 2677 domine.
942 2635 1064 2698 ¹sacrae
1090 2615 1196 2695 plebis
1220 2616 1353 2678 oblatio

158 2719 214 2780 pro
239 2711 370 2763 tuorum
398 2702 522 2763 honore
549 2711 747 2763 sanctorum.
776 2722 915 2782 quorum
944 2722 978 2762 se
1007 2703 1131 2764 meritis
1162 2705 1355 2785 percepisse.

158 2788 196 2848 de
212 2787 425 2850 tribulatione
440 2789 611 2869 cognoscit
627 2788 798 2851 auxilium.
815 2809 873 2869 per
888 2788 1071 2849 dominum.

607 2924 638 2986 A
642 2925 669 2986 d
679 2924 904 3005 complendum.

199 3035 253 3097 Da
282 3056 461 3117 quesumus
491 3037 626 3099 domine
658 3035 810 3098 fidelibus
844 3037 975 3118 populis
1002 3048 1191 3100 sanctorum
1223 3047 1353 3100 tuorum

160 3139 285 3204 semper
315 3124 528 3185 ueneratione
558 3123 681 3185 lactari.
712 3134 745 3185 et
776 3143 890 3185 eorum
922 3135 1082 3205 perpetua
1113 3125 1355 3207 supplicatione

161 3210 282 3271 muniri.
299 3230 358 3291 per
372 3211 546 3272 dominum
563 3219 721 3272 nostrum.

177 3392 311 3456 Eonau
337 3393 410 3455 Dru
436 3393 591 3456 Nantua
616 3394 852 3457 Snucronuru
877 3393 1076 3456 utineam
1101 3408 1148 3456 ur
1172 3394 1327 3457 Aluum.

199 3504 396 3569 Sanctorum
434 3515 565 3568 tuorum
599 3526 659 3567 nos
689 3506 825 3568 domine
864 3505 1009 3567 marcelli
1040 3517 1073 3568 et
1105 3506 1222 3587 apulei.
1254 3507 1352 3568 beata

160 3592 270 3737 perita
286 3602 535 3673 prosequantur.
552 3603 585 3655 et
601 3613 661 3654 suo
684 3613 815 3674 semper
838 3591 960 3655 saciant
976 3613 1088 3654 amore
1105 3593 1277 3655 feruentes.
1296 3614 1354 3674 per

179 3696 325 3740 ominum
343 3690 500 3741 nostrum.

682 3799 819 3862 Secreta.

199 3910 424 3987 [Maiestatem
452 3922 543 3973 tuam
572 3912 668 3974 nobis
699 3911 834 3973 domine
864 3931 1044 3991 quesumus
1075 3911 1156 3973 haec.
1181 3912 1235 3992 [lo.
1264 3928 1352 3991 155v.

161 3991 261 4060 hostia
285 3998 403 4059 reddat
427 3998 631 4060 immolanda
655 3998 829 4079 placatam.
848 4009 979 4060 tuorum
1004 3999 1106 4080 digua
1130 3999 1352 4079 postulatione

160 4095 350 4147 sanctorum.
368 4104 425 4165 per
440 4085 621 4147 dominum.

606 4213 668 4275 Ad
678 4214 902 4294 coruplendum.

196 4324 420 4390 Sacramentis
435 4325 570 4387 domine
587 4327 774 4387 muniamur
789 4327 941 4407 acceptis.
959 4335 992 4388 et
1015 4335 1203 4389 sanctorum
1221 4336 1351 4390 tuorum

158 4411 296 4475 marcelli
327 4421 361 4473 et
398 4411 506 4493 apulei
545 4422 660 4475 contra
692 4432 808 4474 omnes
848 4413 1010 4493 nequitias
1049 4414 1216 4474 inruentes
1254 4415 1353 4475 armis

155 4498 347 4561 caelestibus
363 4509 585 4581 protegamur.
601 4519 666 4581 per.
