3046 5092
152 280 204 337 aad
396 280 449 333 111.
477 278 565 333 m.
593 278 682 333 ΜΟ.
709 276 799 331 MR
827 276 857 331 S.
888 276 1119 331 mmm

604 432 670 499 Ad
683 430 910 517 compleam
1004 509 1012 523 .

201 534 280 605 Sint
292 533 355 601 tibi
369 534 584 619 omnipotens
598 532 682 599 deus
695 540 795 617 grata
808 540 943 597 nostrae
956 530 1128 597 sentitutis
1140 530 1315 617 obsequia.
1329 540 1364 597 et

158 622 241 687 haec
256 632 372 687 sancta
386 642 474 706 quae
488 620 702 705 sumpsimus
716 618 944 684 intercedente
960 618 1062 684 beato
1075 620 1274 685 eadmundo
1287 638 1364 703 rege

158 720 193 775 et
208 718 355 793 martyre
369 709 499 793 prosint
512 706 610 772 nobis
633 705 677 771 ad
700 704 889 790 capesenda
904 706 1054 790 praemia
1067 706 1159 772 uitae
1174 715 1363 791 perpetuae

158 816 218 881 per
231 796 413 862 dominum

216 978 252 1031 x.
268 965 361 1031 Kar„
385 966 473 1031 Dae.
492 964 655 1035 ,Narseo
677 962 856 1029 Saserna
880 963 1085 1030 Cancrum
1108 964 1303 1031 Umomrs

204 1076 298 1142 Deus
311 1078 368 1161 qui
384 1096 446 1141 nos
460 1090 573 1141 annua
593 1076 714 1140 beatae
735 1075 890 1140 caeciliae
904 1076 1060 1159 martyris
1075 1086 1156 1143 tuae
1169 1076 1363 1163 sollempni·

159 1172 230 1230 tate
253 1163 419 1230 laetificas.
443 1164 489 1228 da
513 1172 552 1228 ut
576 1182 678 1246 quarn
701 1182 899 1227 ueneremur
920 1162 1038 1229 officio.
1057 1165 1162 1229 etiam
1187 1165 1266 1250 piae
1286 1184 1362 1230 con·

159 1251 356 1317 uersationis
370 1270 549 1335 sequamur
562 1248 727 1333 exempla
743 1269 809 1333 per.

695 1368 832 1435 Secreta

206 1470 304 1536 Haec
324 1469 435 1535 hostia
456 1470 593 1534 domine
613 1469 810 1553 placationis
832 1478 868 1533 et
893 1469 1001 1535 laudis
1015 1490 1198 1553 quesumus
1212 1480 1253 1537 ut
1267 1472 1363 1537 inter·

160 1556 316 1623 ueniente
330 1556 430 1621 beata
443 1556 578 1621 caecilia
600 1565 746 1640 martyre
760 1565 819 1621 tua
833 1576 895 1621 nos
917 1558 1154 1642 propitiatione
1168 1566 1230 1623 tua
1244 1558 1362 1643 dignos

160 1664 292 1729 semper
305 1643 434 1708 efficiat.
449 1663 517 1728 per.

671 1746 855 1829 Praefatio.

206 1846 257 1913 (D
288 1856 422 1912 aeterne
451 1846 542 1911 deus.
596 1842 665 1929 Qui
690 1846 724 1910 in
755 1844 948 1911 infirmitate
974 1844 1154 1925 uirtutuml
1175 1846 1309 1933 perticis
1327 1856 1361 1913 et

162 1932 300 1998 humani
329 1932 460 2017 generis
496 1932 666 1997 inimicum
700 1952 768 1997 non
801 1933 910 1998 solum
941 1953 1000 2016 per
1036 1936 1126 1998 uiros
1162 1936 1224 1999 sed
1260 1936 1360 2001 etiam

160 2040 221 2105 per
246 2018 387 2085 seminas
410 2019 523 2084 uineis
568 2018 671 2085 Cuius
695 2039 831 2084 munere
853 2020 954 2085 beata
982 2019 1114 2096 caecili†
1137 2030 1174 2086 et
1200 2022 1236 2086 in
1266 2022 1360 2106 uirgi-

160 2106 276 2173 nitatis
301 2108 473 2192 proposito
495 2115 531 2171 et
555 2105 744 2171 insessione¹
775 2105 853 2171 fidei
885 2106 1066 2173 roboratur,
1091 2117 1131 2173 ut
1159 2128 1223 2173 nec
1244 2107 1359 2174 aetatis

160 2192 287 2259 lubrico
315 2192 360 2257 ab
388 2193 573 2258 intentione
610 2202 764 2257 mutetur.
794 2212 855 2257 nec
893 2193 1145 2273 (blandimentis
1174 2194 1234 2279 [so
1274 2198 1358 2261 162v.

161 2280 349 2345 carnalibus
364 2280 597 2345 demulceatur.
643 2279 716 2344 Nec
730 2300 833 2345 sexus
844 2279 1021 2363 fragilitate
1031 2282 1247 2348 deterreatur.
1291 2282 1357 2347 Nec

160 2376 402 2433 tormentorum
425 2365 623 2431 inmanitate
644 2366 804 2431 uincatur.
870 2367 939 2433 Sed
962 2370 1129 2434 seruando
1150 2369 1298 2454 corporis
1320 2386 1356 2434 ac

162 2455 283 2519 mentis
299 2454 524 2536 integritatem
540 2473 616 2517 cum
632 2454 832 2536 uirginitatis
847 2463 882 2517 et
899 2456 1046 2536 martyrii
1063 2455 1177 2539 palma
1192 2467 1352 2521 aeternam

162 2552 341 2605 mereretur
356 2543 494 2624 adipisci
510 2540 757 2604 beatitudinem.
775 2562 833 2622 per
848 2542 1015 2605 christum.

614 2660 676 2723 Ad
685 2661 909 2742 complendum.

207 2761 343 2826 Satiasti
359 2761 494 2823 domine
510 2759 669 2823 familiam
693 2769 784 2822 tuam
809 2761 1000 2823 muneribus
1023 2763 1132 2825 sacris.
1148 2763 1219 2825 eius
1235 2780 1347 2844 semper

163 2848 397 2911 intercessione
424 2868 485 2910 nos
510 2847 630 2910 refoue.
668 2848 760 2910 cuius
798 2846 995 2929 sollempnia
1032 2849 1269 2913 caelebramus.
1300 2866 1345 2930 per

161 2936 342 2999 dominum.

215 3121 263 3169 1x.
288 3107 379 3168 KAL.
405 3105 492 3168 Duc.
518 3104 674 3166 Names
698 3102 840 3168 Sancrr
864 3105 1084 3169 cremanus
1109 3107 1306 3170 Masurius

209 3219 301 3282 Deus
311 3220 366 3299 qui
380 3238 440 3280 nos
450 3237 561 3280 annua
570 3215 659 3279 beati
672 3215 844 3279 clementis
858 3218 1011 3299 martyris
1024 3220 1071 3282 tui
1082 3229 1184 3301 atque
1200 3213 1338 3303 pontificis

164 3306 411 3388 sollempnitate
442 3304 609 3366 laetificas.
640 3304 785 3366 concede
816 3305 984 3386 propitius.
1015 3316 1052 3368 ut
1082 3309 1175 3370 cuius
1212 3301 1336 3369 natalicia

165 3394 312 3456 colimus.
329 3393 485 3455 uirtutem
501 3410 633 3472 quoque
648 3391 811 3472 passionis
826 3392 1000 3454 imitemur.
1016 3413 1082 3474 per.

701 3510 837 3573 Secreta,

212 3613 352 3675 Munera
389 3611 524 3673 domine
555 3609 668 3672 oblata
705 3609 882 3672 sanctifica.
921 3620 954 3673 et
1003 3612 1229 3676 intercedente
1261 3611 1332 3672 beat⁰

166 3700 329 3762 clemente
355 3708 499 3779 martyre
522 3706 580 3760 tuo
610 3717 669 3778 per
690 3696 771 3759 haec
798 3716 859 3759 nos
888 3718 908 3759 a
938 3709 1149 3780 peccatorum
1180 3705 1331 3763 nostrorum

168 3786 304 3851 maculis
319 3787 472 3848 emunda.
488 3804 554 3867 per.

674 3887 849 3969 Praefatio

213 3991 263 4055 (Β
294 3998 428 4051 aeterne
457 3987 547 4050 deus.
602 3985 648 4049 Et
679 3987 712 4049 in
742 3986 804 4050 hac
837 3987 1010 4069 gloriosius
1047 3989 1102 4052 die
1138 4009 1236 4070 quam
1269 3972 1333 4070 beai}

167 4076 340 4141 clementis
355 4075 465 4157 passio
480 4073 694 4137 consecrauit.
710 4084 744 4138 et
759 4075 855 4137 nobis
871 4075 1092 4137 uenerabilem
1109 4076 1263 4138 exhibuit
1288 4066 1332 4149 01¹¹

168 4163 351 4248 apostolica
366 4160 612 4244 praedicatione
639 4160 781 4224 inbutus.
797 4162 956 4224 doctrinis
979 4163 1176 4225 caelestibus
1198 4163 1333 4225 educatus

168 4246 447 4323 successionibus†
461 4249 626 4331 dignitate
641 4249 838 4331 conspicuus
853 4259 887 4311 et
906 4260 1033 4331 martyr
1049 4251 1195 4332 insignis.
1210 4259 1242 4312 et
1256 4255 1334 4311 sacer·

168 4339 229 4404 dos
244 4336 371 4401 relulsit
385 4336 545 4419 egregius.
561 4355 619 4418 per
634 4334 802 4399 christum.

502 4444 512 4479 ¹
528 4446 564 4498 So
575 4446 633 4499 MS.
647 4447 770 4514 probably
780 4446 820 4498 ior
829 4448 860 4497 in
870 4447 1024 4514 consessr'one.
