3046 5092
496 335 641 387 Mamm
656 339 800 401 QUARTJ
816 339 931 389 FERIA
950 338 1020 389 ΙΙΙΙ.

656 524 775 588 Ferus
801 526 864 589 111.

207 651 309 714 Adsit
335 651 432 715 nobis
458 651 593 715 domine
617 673 797 734 quesumus
821 656 924 717 uirtus
947 654 1081 736 spiritus
1097 655 1212 718 sancti.
1228 674 1314 736 quae
1330 665 1363 717 et

161 738 264 800 corda
279 750 394 801 nostra
408 740 588 802 clementer
603 751 777 822 expurget.
789 751 822 803 et
834 742 877 803 ab
890 742 1044 804 omuibus
1061 752 1192 806 tueatur
1205 743 1363 805 aduersis.

164 845 231 906 per.

706 942 845 1007 Secreta.

208 1051 362 1117 Purificet
378 1074 439 1116 nos
454 1074 634 1134 quesumus
650 1054 785 1117 domine
802 1055 946 1118 muneris
973 1057 1155 1138 praesentis
1180 1056 1314 1120 oblatio.
1331 1065 1365 1117 et

162 1139 284 1222 dignos
300 1161 394 1204 sacra
409 1142 662 1223 participatione
678 1142 833 1223 perficiat.
851 1163 917 1224 per.

686 1274 869 1353 Praefatio.

209 1386 259 1449 (D
283 1405 343 1467 per
372 1384 530 1448 christum
562 1386 735 1449 dominum
767 1397 925 1450 nostrum.
987 1385 1052 1468 Qui
1091 1387 1224 1469 spiritus
1259 1387 1364 1448 sancti

165 1471 337 1534 infusione.
355 1473 494 1555 repleuit
507 1474 608 1535 corda
625 1473 780 1536 fidelium.
819 1472 885 1554 Qui
896 1494 956 1536 sua
966 1474 1151 1536 admirabili
1163 1475 1365 1555 operatione.

165 1568 199 1621 et
230 1560 280 1620 sui
311 1561 433 1621 amoris
464 1561 497 1622 in
528 1561 575 1621 eis
607 1561 717 1639 ignem
749 1560 951 1622 accenderet.
983 1572 1016 1622 et
1047 1582 1106 1642 per
1136 1561 1364 1622 diuersitatem

164 1644 361 1726 linguarum.
378 1657 495 1726 gentes
521 1647 553 1707 in
581 1648 708 1709 unitate
730 1644 806 1709 fidei
823 1647 987 1709 solidaret.
1006 1650 1097 1709 cuius
1114 1648 1204 1709 dono
1220 1648 1364 1728 petimus

164 1742 198 1794 et
215 1732 437 1794 inlecebrosas
452 1754 471 1793 a
488 1733 583 1795 nobis
606 1734 740 1795 excludi
766 1733 963 1815 uoluptates.
981 1746 1014 1796 et
1039 1735 1202 1816 spiritales
1219 1737 1251 1795 in
1269 1735 1365 1795 nobis

167 1819 278 1881 extrui
294 1819 504 1900 plantarique
521 1820 668 1883 uirtutes.
684 1840 744 1901 per
758 1840 866 1901 quem.

623 1956 685 2019 Ad
695 1956 921 2038 complendum.

208 2058 342 2121 Mentes
372 2068 502 2122 nostras
529 2080 709 2141 quesumus
739 2061 874 2123 domine
904 2061 1039 2142 spiritus
1076 2071 1214 2122 sanctus
1245 2061 1367 2123 diuinis

165 2156 294 2227 reparet
316 2147 540 2209 sacramentis.
558 2149 636 2228 quia
653 2149 723 2229 ipse
739 2159 789 2210 est
807 2148 955 2210 remissio
971 2149 1120 2210 omnium
1144 2158 1367 2230 peccatorum.

167 2253 231 2313 per.

503 2418 649 2482 Maus1s
675 2419 759 2481 1111.
805 2417 924 2480 Fama
948 2417 1031 2480 1111.

208 2537 343 2601 Mentes
374 2548 502 2601 nostras
539 2558 720 2620 quesumus
757 2537 892 2600 domine
930 2539 1119 2619 paraclytus
1155 2538 1211 2619 qui
1242 2536 1303 2607 adl
1334 2548 1368 2601 te

167 2626 315 2703 procedit
343 2625 525 2688 inluminet.
554 2635 587 2687 et
614 2626 750 2688 inducat
778 2627 810 2686 in
835 2645 969 2687 omnem
995 2626 1080 2687 sicut
1111 2637 1188 2687 tuus
1217 2627 1367 2707 promisit

167 2710 252 2773 filius
268 2712 467 2784 ueriltatem.
484 2733 543 2794 per
558 2713 731 2774 dominum
748 2713 779 2773 in
799 2713 925 2774 unitate
942 2712 1100 2775 eiusdem.
1220 2713 1276 2795 [so.
1295 2714 1368 2775 sor.

717 2838 811 2903 Alia.

211 2942 349 3005 Praesta
372 2963 551 3023 quesumus
579 2944 791 3025 omnipotens
807 2953 840 3005 et
868 2943 1051 3005 misericors
1074 2943 1164 3005 deus.
1182 2952 1218 3005 ut
1235 2944 1368 3024 spiritus

160 3039 301 3092 sanctus
317 3029 498 3092 adueniens
515 3031 677 3112 templum
695 3050 755 3092 nos
771 3031 895 3111 gloriae
906 3050 983 3091 suae
996 3031 1173 3110 dignanter
1183 3031 1367 3091 habitando

161 3115 327 3198 perficiat.
345 3137 404 3199 per
418 3117 604 3180 dominum.

700 3242 835 3306 Secreta.

208 3347 342 3429 Accipe
380 3367 560 3428 quesumus
593 3349 729 3410 domine
768 3368 886 3409 munus
924 3346 1083 3410 oblatum.
1122 3355 1156 3409 et
1193 3346 1371 3426 dignanter

154 3454 314 3517 operare.
343 3444 380 3496 ut
406 3436 496 3516 quod
523 3437 687 3516 mysteriis
711 3435 849 3516 agimus
867 3435 928 3516 piis
945 3434 1117 3496 effectibus
1135 3434 1369 3496 caelebremus.

156 3540 236 3603 per.

679 3639 861 3719 Praefatio.

212 3744 266 3807 (D
291 3763 352 3824 per
376 3743 535 3807 christum
567 3746 741 3807 dominum
773 3755 930 3806 nostrum.
992 3743 1053 3805 Per
1075 3764 1175 3825 quem
1200 3745 1370 3827 discipulis

157 3831 308 3914 spiritus
332 3842 466 3894 sanctus
494 3833 526 3893 in
552 3841 639 3894 terra
666 3833 770 3894 datur.
788 3832 832 3893 ob
859 3830 1070 3892 dilectionem
1099 3832 1242 3913 proximi
1273 3833 1371 3894 etde

154 3917 264 3981 eaelo
275 3918 425 3980 mittitur.
441 3929 577 3999 propter
589 3919 801 3981 dilectionem
816 3918 871 3978 tui.
888 3917 980 3977 cuius
998 3917 1116 3979 infusio
1129 3920 1273 3998 petimus
1286 3929 1321 3980 ut
1339 3921 1370 3979 in

156 4004 265 4066 nobis
283 4014 494 4083 peccatorum
511 4006 625 4067 sordes
640 4013 768 4067 exurat.
784 4004 832 4065 tui
849 4004 970 4064 amoris
987 4004 1097 4085 ignem
1114 4005 1246 4068 nutriat.
1262 4015 1296 4066 et
1312 4027 1371 4066 nos

157 4091 210 4154 ad
229 4109 380 4153 amorem
397 4089 612 4154 fraternitatis
629 4092 797 4154 accendat.
815 4110 874 4173 per
889 4109 997 4169 quem.

627 4217 690 4280 Ad
700 4215 925 4299 complendurrr.

214 4319 398 4385 Sumentes
414 4320 549 4383 domine
564 4320 719 4383 caelestia
742 4335 949 4383 sacramenta
966 4340 1146 4400 quesumus
1162 4321 1373 4386 clementiam

171 4415 265 4469 tuam
284 4417 320 4468 ut
337 4406 427 4487 quod
451 4407 679 4489 temporaliter
705 4407 858 4490 gerimus.
875 4409 1016 4470 aeternis
1040 4409 1170 4489 gaudiis
1195 4429 1375 4491 consequa-

174 4512 257 4557 mur.
273 4512 335 4576 per
349 4493 522 4558 dominum
539 4505 699 4557 nostrum.
