3046 5092
387 340 496 390 XVIII.
524 339 609 390 KAL.
640 340 716 390 OCT.
745 340 881 392 EXALI'.
906 342 934 391 S.
965 342 1104 394 CRUCIS.
1309 354 1355 392 211

692 505 830 571 Secreta.

203 613 342 675 Hostias
357 612 492 675 domine
508 611 614 674 laudis
630 612 696 674 tuis
713 612 872 675 altaribus
888 610 1093 675 adhibemus.
1110 632 1193 693 quas
1210 612 1279 674 eius
1295 612 1355 674 tibi

156 697 356 782 patrocinia†
371 698 536 761 credimus
551 699 843 762 commendandas.
860 701 951 762 cuius
968 720 1028 761 nos
1044 700 1176 761 uoluisti
1202 700 1289 761 uotis
1312 699 1354 761 ad

156 798 234 850 tuae
249 787 382 868 pietatis
399 786 568 867 peruenire
585 786 746 848 notitiam.
763 807 822 867 per
837 785 1012 848 dominum
1029 796 1187 848 nostrum.

606 905 668 967 Ad
684 905 908 987 complendum.

200 1010 294 1072 Beati
333 1009 504 1071 audomari
542 1008 737 1071 confessoris
775 1010 823 1072 tui
869 1019 969 1090 atque
1014 1008 1181 1091 pontificis
1220 1005 1355 1072 domine

156 1097 328 1180 praecibus
352 1095 563 1158 confidentes.
594 1115 774 1176 quesumus
805 1096 1015 1158 clementiam
1047 1107 1138 1159 tuam
1170 1106 1206 1158 ut
1236 1115 1294 1178 per
1316 1115 1356 1157 ea

156 1204 242 1264 quae
258 1184 467 1264 sumpsimus.
484 1192 618 1244 aeterna
634 1184 780 1245 remedia
795 1184 975 1264 capiamus
993 1204 1059 1264 per.

179 1373 229 1420 111.
256 1359 345 1421 Inus
370 1358 474 1422 Sars.
499 1357 656 1420 Nantua
680 1357 916 1421 Saucrouuu
943 1359 1058 1420 Pnorr
1083 1371 1129 1418 ar
1155 1357 1333 1419 lacruc‘rr.

202 1471 295 1533 Beati
313 1471 398 1552 proti
412 1490 472 1532 nos
488 1470 623 1530 domine
639 1479 672 1530 et
689 1469 818 1531 iacincti
837 1468 947 1531 foueat
963 1470 1127 1549 praetiosa
1140 1468 1309 1532 confessio.
1324 1478 1353 1528 et

158 1557 213 1638 pia
229 1559 347 1638 iugiter
365 1557 567 1619 iintercessio
583 1565 721 1618 tueatur.
740 1576 798 1637 per
813 1556 994 1618 dominum.
1212 1555 1267 1637 [lo
1289 1569 1342 1633 151

689 1673 825 1736 Secreta.

203 1778 266 1840 Pro
282 1788 471 1841 sanctorum
489 1777 575 1859 proti
591 1787 624 1839 et
642 1777 770 1838 iacincti
790 1796 926 1838 munera
942 1776 1001 1838 tibi
1019 1777 1153 1839 domine
1177 1796 1357 1839 commem-

159 1866 307 1927 oratione
344 1884 429 1945 quae
465 1863 626 1927 debemus
670 1863 884 1925 exsoluimus.
930 1873 1061 1945 praesta
1106 1883 1284 1944 quesumus
1323 1873 1358 1925 ut

160 1952 340 2014 remedium
358 1951 452 2014 nobis
469 1961 647 2033 perpetuae
663 1950 779 2012 salutis
794 1948 975 2031 operetur.†
991 1970 1057 2031 per.

607 2070 669 2133 Ad
686 2070 910 2151 complendum.

205 2171 253 2236 Ut
275 2181 430 2252 percepta
447 2190 507 2232 nos
530 2171 665 2233 domine
689 2179 747 2233 tua
769 2180 884 2232 sancta
908 2169 1081 2251 purificent
1104 2169 1192 2231 beati
1217 2169 1303 2250 proti
1327 2178 1360 2232 et

162 2259 291 2321 iacincti
306 2277 485 2339 quesumus
503 2256 655 2338 imploret
672 2257 786 2319 oratio,
803 2277 861 2338 per
877 2257 1059 2318 dominum.

294 2449 396 2498 xvrn.
422 2434 512 2497 Kar.
538 2433 625 2498 Ocr.
650 2434 872 2497 Exnurnrro
897 2434 1074 2499 Saserna
1099 2433 1246 2498 Cuccrs

201 2546 294 2609 Deus
310 2548 365 2628 qui
382 2547 541 2627 unigeniti
559 2547 605 2608 tui
626 2547 752 2609 domini
769 2546 871 2607 nostri
889 2547 957 2608 iesu
981 2546 1092 2608 christi
1116 2547 1260 2627 pretioso
1283 2567 1357 2608 san-

159 2635 256 2716 guine
272 2634 454 2696 humanum
471 2653 575 2713 genus
592 2633 751 2694 redimere
772 2633 927 2713 dignatus
951 2654 993 2694 es.
1017 2635 1163 2696 concede
1186 2635 1357 2714 propitius,

159 2731 194 2783 ut
210 2720 266 2802 qui
282 2721 325 2783 ad
342 2721 546 2782 adorandam
563 2719 727 2782 uiuificam
744 2739 873 2782 crucem
890 2720 1079 2782 adueniunt.
1104 2741 1123 2781 a
1146 2731 1357 2800 peccatorum

159 2827 291 2871 suorum
309 2807 450 2869 nexibus
466 2806 652 2869 liberentur.
667 2826 733 2887 per.

713 2925 802 2987 Alia.

204 3025 297 3088 Deus
328 3024 394 3105 qui¹
422 3024 582 3087 hodierna
619 3023 673 3086 die
711 3024 916 3086 exaltatione
948 3034 1081 3086 sanctae
1115 3026 1218 3088 crucis
1249 3045 1359 3087 annua

160 3109 406 3193 sollempnitate
429 3109 595 3172 laetificas.
627 3120 759 3191 praesta
788 3121 824 3174 ut
854 3112 945 3173 cuius
979 3111 1172 3192 mysterium
1208 3113 1239 3173 in
1273 3123 1359 3175 terra

160 3199 385 3280 cognouimus
401 3198 470 3259 eius
488 3197 724 3277 redemptionis
740 3199 887 3278 praemia
909 3199 1064 3279 consequi
1083 3218 1273 3260 mereamur.
1292 3219 1356 3281 per.

695 3317 831 3380 Secreta.

203 3417 354 3480 Deuotas
370 3416 505 3479 domine
526 3415 720 3478 humilitatis
737 3424 869 3478 nostrae
885 3436 1019 3497 praeces
1035 3426 1068 3478 et
1084 3416 1217 3478 hostias.
1235 3418 1358 3478 miscri-

161 3505 291 3567 cordiae
307 3514 384 3566 tuae
399 3504 575 3584 praecedat
591 3502 761 3564 auxilium.
778 3513 810 3564 et
833 3503 973 3565 salutem
998 3523 1097 3584 quam
1122 3524 1179 3584 per
1202 3505 1300 3566 adam
1326 3505 1358 3565 in

161 3592 326 3672 paradyso
337 3590 416 3671 ligni
429 3590 590 3652 clauserat
607 3598 769 3651 temerata
784 3590 1018 3670 praesumptio
1035 3591 1114 3670 ligni
1133 3610 1258 3652 rursum
1277 3589 1358 3653 fides

161 3678 295 3759 aperiat.
311 3697 376 3758 per.

670 3785 852 3864 Praefatio.

204 3888 255 3950 (D
287 3906 346 3968 per
375 3885 533 3948 christum
564 3885 736 3947 dominum
776 3895 934 3947 nostrum.
981 3882 1047 3966 Qui
1079 3905 1137 3965 per
1166 3886 1354 3966 passionem

161 3975 264 4036 crucis
281 3973 443 4035 mundum
467 3973 606 4035 redemit
622 3981 655 4035 et
671 3973 807 4052 antique
823 3972 947 4033 arboris
962 3971 1204 4034 amarissimum
1221 3982 1354 4053 gustum

161 4061 264 4122 crucis
283 4060 503 4122 medicamine
520 4057 709 4121 indulcauit.
728 4067 935 4139 mortemque
951 4078 1036 4139 quae
1052 4079 1109 4139 per
1130 4058 1256 4139 lignum
1273 4061 1355 4121 ueti-

161 4155 230 4208 tum
263 4155 406 4209 uenerat
437 4166 495 4228 per
525 4143 604 4226 ligni
642 4145 818 4225 tropheum
848 4145 978 4208 deuicit.
1027 4144 1075 4209 Ut
1106 4144 1245 4207 mirabili
1276 4166 1355 4208 suae

160 4234 293 4314 pietatis
311 4232 566 4314 dispensatione.
589 4232 646 4312 qui
669 4252 727 4313 per
750 4231 830 4313 ligni
852 4240 986 4313 gustum
1011 4230 1162 4312 florigera
1188 4233 1267 4294 sede
1287 4233 1352 4295 dis-

159 4338 386 4382 scesseramus.
403 4339 461 4401 per
472 4319 577 4381 crucis
593 4318 720 4400 lignum
733 4320 774 4382 ad
791 4318 946 4401 paradysi
962 4317 1085 4400 gaudia
1098 4319 1280 4382 redeamus.
1297 4339 1355 4400 per

157 4425 265 4488 quem.

614 4502 622 4536 ¹
639 4506 692 4556 Nos
702 4506 807 4557 omitted
818 4506 844 4556 in
856 4506 913 4558 MS.

1164 4586 1184 4635 P
1207 4588 1225 4634 2
