3046 5092
341 352 385 402 VI.
416 353 500 403 KAL.
530 352 609 403 IAN
640 352 727 403 NAT.
760 354 786 403 S.
818 352 1007 403 IOHANNIS
1032 351 1171 403 EUANG.
1308 362 1353 414 147

151 570 231 655 svn.
245 570 337 634 KAL.
352 571 431 635 lau.
444 570 600 634 Numan
612 569 753 636 Saucrr
772 569 967 636 Scaeuam
988 568 1193 632 Manrrnrs.
1205 568 1259 651 [fo.
1282 581 1349 648 105.

203 700 256 762 Da
289 699 384 762 nobis
405 719 586 780 quesumus
611 698 759 762 domine¹
782 699 871 780 quod
899 697 1045 760 colimus.
1069 708 1106 760 ut
1128 696 1295 759 discamus
1318 710 1352 759 et

156 786 309 849 inimicos
324 787 468 867 diligere.
483 787 561 868 quia
576 787 646 849 eius
662 785 816 848 natalicia
831 784 1056 848 caelebramus
1071 784 1126 866 qui
1143 785 1236 847 nouit
1251 784 1350 846 etiam

156 894 217 956 pro
233 873 496 956 persecutoribus
508 892 655 937 exorare.
672 872 854 937 dominum.

690 1004 827 1069 Secreta.

203 1117 340 1200 Suscipe
367 1117 502 1180 domine
526 1137 662 1180 munera
683 1138 744 1199 pro
767 1127 899 1180 tuorum
922 1117 1237 1180 commemoratione
1259 1137 1352 1179 sanc·

156 1213 266 1268 torum
301 1215 337 1267 ut
374 1205 464 1285 quod
503 1203 576 1266 illos
613 1205 724 1286 passio
760 1204 928 1286 gloriosos.
967 1223 1027 1266 nos
1064 1204 1199 1267 deuotio
1236 1203 1353 1266 reddat

157 1291 325 1354 innocuos.
341 1311 400 1374 per
415 1291 598 1354 dominum.

664 1424 844 1505 Praefatio.

204 1535 253 1598 (ὦ)
277 1544 409 1596 aeterne
434 1535 523 1597 deus.
588 1535 680 1598 Beati
704 1537 857 1618 stephani
880 1536 1001 1599 leuitae
1024 1535 1120 1599 simul
1144 1546 1178 1599 et
1202 1536 1355 1616 martyris

159 1621 315 1684 natalicia
337 1621 527 1684 recolentes.
554 1622 611 1702 qui
635 1621 710 1685 fidei
732 1624 789 1704 qui
812 1643 923 1685 sacrae
947 1623 1084 1685 militiae
1105 1623 1162 1705 qui
1185 1623 1354 1704 dispensa·

159 1708 259 1771 tionis
275 1720 308 1771 et
323 1709 485 1770 castitatis
501 1709 661 1789 egregiae.
677 1711 733 1790 qui
757 1710 1010 1792 praedicationis
1032 1710 1255 1790 mirabilisque
1277 1729 1354 1771 con·

158 1796 310 1857 stantiae.
326 1795 383 1876 qui
406 1794 621 1857 confessionis
642 1816 680 1858 ac
699 1798 858 1878 patientie
880 1795 975 1859 nobis
995 1796 1152 1878 exempla
1168 1796 1356 1858 ueneranda

159 1882 341 1963 proposuit
396 1881 441 1944 Et
474 1882 548 1944 ideo
580 1883 789 1945 natiuitatem
824 1882 880 1945 filii
913 1883 960 1945 tui
989 1884 1106 1946 merito
1135 1902 1213 1965 prae
1240 1883 1357 1944 ceteris

160 1968 325 2049 passionis
347 1987 427 2029 suae
447 1966 626 2031 iestiuitate
651 1971 866 2051 prosequitur.
894 1971 986 2032 cuius
1011 1970 1135 2050 gloriae
1156 1970 1356 2051 sempiterne

160 2055 288 2137 primus
305 2064 430 2136 martyr
445 2056 595 2119 occurrit.
618 2076 677 2137 per
691 2076 799 2137 quem.

610 2193 671 2256 Ad
681 2192 904 2274 complendum.

206 2303 422 2367 Auxilientur
445 2304 540 2367 nobis
562 2306 696 2368 domine
726 2315 860 2388 sumpta
885 2305 1050 2387 mysteria.
1078 2317 1110 2368 et
1136 2305 1358 2368 intercedente

161 2391 262 2455 beato
277 2391 441 2473 stephano
457 2402 602 2473 martyre
625 2401 690 2455 tu0.
710 2393 911 2474 sempiterna
933 2393 1139 2474 protectione
1155 2392 1358 2455 confirment.

160 2497 228 2561 per.

638 2616 701 2680 Ad
712 2628 885 2699 uesperum.

206 2723 431 2809 Omnipotens
446 2729 645 2809 sempiterne
668 2730 749 2792 deus
764 2729 821 2810 qui
837 2729 998 2810 primitias
1015 2737 1198 2809 martyrum
1215 2729 1246 2790 in
1271 2728 1359 2792 beati

161 2813 285 2876 leuitae
315 2813 467 2894 stephani
498 2816 658 2897 sanguine
688 2816 858 2879 dedicasti.
889 2816 996 2878 tribue
1022 2835 1202 2896 quesumus
1235 2825 1271 2878 ut
1301 2836 1360 2897 pro

161 2900 258 2962 nobis
292 2900 488 2963 intercessor
518 2903 650 2965 existat
684 2903 740 2985 qui
773 2923 833 2985 pro
863 2903 930 2964 suis
964 2903 1064 2964 etiam
1098 2902 1360 2984 persecutoribus

159 2986 323 3050 exorauit
340 2987 520 3050 dominum.

182 3198 229 3248 vr.
255 3186 347 3248 Kar.
374 3186 451 3251 lan.
477 3187 631 3252 Narnia
656 3188 796 3253 Snucrr
821 3188 1010 3251 Ionauurs
1036 3187 1337 3251 Eunsunnrsnus.

207 3314 391 3377 Ecclesiam
409 3326 500 3378 tuam
516 3317 651 3380 domine
666 3316 843 3400 [benignus
864 3316 1010 3378 inlustra.
1027 3327 1063 3377 ut
1087 3315 1174 3378 beati
1191 3313 1247 3398 [lo.
1269 3331 1359 3395 rosv.

161 3401 313 3465 iohannis
344 3403 567 3484 euangelistae
598 3403 793 3466 inluminata
815 3402 981 3466 doctrinis.
1006 3403 1048 3465 ad
1075 3403 1164 3465 dona
1189 3405 1359 3483 perueniat

162 3489 373 3570 sempiterna.
389 3509 448 3571 per
462 3490 645 3554 dominum.

696 3623 831 3688 Secreta.

207 3730 348 3813 Suscipe
384 3753 520 3796 munera
552 3735 687 3798 domine
721 3755 807 3817 quae
837 3735 869 3796 in
907 3735 977 3796 eius
1015 3733 1074 3796 tibi
1112 3732 1358 3815 sollempnitate

160 3817 350 3881 deferimus.
382 3820 474 3883 cuius
498 3841 558 3884 nos
580 3821 778 3904 confidimus
802 3821 984 3905 patrocinio
1011 3820 1148 3882 liberari.
1172 3839 1231 3901 per
1253 3819 1359 3880 domi-

159 3922 249 3967 num.

669 4028 851 4109 Praefatio.

207 4134 257 4199 (D
280 4146 414 4199 aeterne
429 4140 521 4202 deus.
566 4141 660 4204 Beati
676 4140 820 4223 apostoli
836 4139 884 4202 tui
905 4148 938 4201 et
961 4137 1184 4219 euangelistae
1207 4135 1359 4198 iohannis

161 4223 354 4285 ueneranda
371 4225 525 4289 natalicia
540 4239 757 4290 recensentes.
802 4223 870 4307 Qui
885 4225 1011 4288 domini
1027 4223 1131 4287 nostri
1153 4224 1222 4285 iesu
1246 4222 1358 4286 christi

161 4306 223 4370 filii
246 4310 293 4371 tui
317 4313 492 4375 uocatione
515 4325 676 4397 suscepta
693 4324 858 4378 terrenum
882 4313 1006 4393 respuit
1030 4320 1167 4393 patrem.
1183 4319 1220 4373 ut
1247 4320 1359 4391 posset

159 4396 311 4458 inuenire
334 4398 518 4463 caelestem.
575 4400 731 4483 Adeptus
754 4401 786 4463 in
811 4419 912 4482 regno
935 4399 1101 4461 caelorum
1124 4396 1237 4460 sedem
1261 4416 1356 4480 apos-

518 4527 624 4577 Imilan'
633 4528 738 4578 omitted
750 4527 776 4577 iu
788 4527 844 4577 MS.
858 4536 884 4577 at
895 4526 945 4576 end
956 4524 985 4575 oi
992 4525 1050 4575 line.
1161 4602 1184 4653 L

1215 4607 1233 4653 2
