3046 5092
465 344 514 393 IN
533 345 636 394 SABB.
664 344 810 395 SANCTO
833 345 889 395 Ao
910 345 1063 395 MISSAM.

292 550 389 613 ITEM
413 563 464 613 AD
487 563 759 614 CATICUMINUM
783 563 831 612 EX
856 562 1007 613 PAGANO
1030 563 1259 614 FACIENDUM.

218 668 376 732 Gentilem
413 669 573 733 homiuem
606 691 677 732 euru
710 670 888 751 susceperis.
921 671 956 731 iu
978 671 1102 750 priruis
1133 673 1270 734 cateciua
1299 693 1371 733 eoem

171 756 298 818 diuinis
320 757 519 819 sermonibus
546 767 579 820 et
602 757 645 819 da
669 758 702 819 ei
725 757 848 819 monita
873 757 1140 838 quemadmodum
1166 769 1239 838 post
1267 760 1371 840 cogui-

171 853 240 905 tam
256 845 425 906 ueritatem
441 844 550 906 uiuere
564 844 680 906 debeat.
725 845 807 905 Post
820 843 897 905 leaeo
909 844 972 923 foc
991 865 1063 905 eum
1086 846 1323 907 caticuminum.
1341 856 1372 907 et

170 929 268 1011 suffla
283 931 448 1010 infaciem
469 931 539 993 eius
559 941 591 992 et
602 932 666 1010 sac
678 931 711 992 ei
721 951 842 993 crucem
859 933 894 992 iu
900 931 1048 1011 frontem
1063 941 1094 994 et
1108 932 1220 1013 inpone
1236 954 1369 994 marmur

169 1028 266 1096 super
278 1028 373 1097 caput
385 1017 455 1079 eius
471 1017 505 1080 ire
520 1017 572 1079 his
586 1017 698 1080 uerbis

214 1103 340 1186 Accipe
356 1105 487 1184 signum
504 1105 606 1167 crucis
623 1115 691 1166 tam
709 1105 741 1165 in
758 1103 864 1165 fronte
874 1124 974 1185 quam
992 1105 1023 1164 in
1040 1105 1147 1167 corde.
1159 1126 1253 1167 sume
1270 1104 1369 1168 fidem

168 1190 359 1253 caelestium
383 1203 642 1272 praeceptorum.
688 1191 781 1252 Talis
802 1202 875 1252 esto
900 1191 1045 1252 moribus
1070 1200 1105 1252 ut
1129 1193 1291 1273 templum
1316 1194 1369 1254 dei

167 1296 240 1338 esse
256 1278 322 1339 iam
340 1279 453 1359 possis
502 1279 738 1359 Ingressusque
754 1277 926 1339 ecclesiam
943 1278 995 1339 dei
1012 1279 1155 1340 euasisse
1178 1289 1211 1340 te
1234 1280 1369 1359 laqueos

167 1364 283 1425 mortis
294 1364 399 1426 laetus
409 1384 561 1446 agnosce.
587 1365 750 1426 Horresce
760 1364 856 1425 idola.
869 1384 985 1445 respue
994 1364 1176 1426 simulacra
1188 1366 1258 1426 cole
1268 1369 1367 1429 deum

166 1460 296 1531 patrem
307 1451 572 1532 omnipotentem
588 1460 622 1512 et
637 1451 740 1512 iesum
751 1450 908 1512 christum
921 1450 1023 1513 filium
1040 1452 1110 1513 eius
1125 1452 1182 1532 qui
1198 1453 1281 1515 uiuit
1293 1473 1368 1514 cum

166 1547 262 1618 patre
277 1547 311 1600 et
326 1538 442 1619 spiritu
457 1547 581 1600 sancto
598 1558 656 1619 per
671 1539 783 1599 omnia
799 1538 930 1599 saecula
945 1537 1159 1601 saeculorum.
1176 1558 1281 1600 amen.

631 1673 791 1754 Sequitur
799 1674 909 1735 oratio.

210 1775 260 1838 Te
287 1776 445 1857 deprecor
474 1776 609 1839 domine
633 1786 746 1839 sancte
773 1787 868 1858 pater
894 1777 1104 1857 omnipotens
1127 1786 1260 1840 aeterne
1282 1778 1371 1840 deus.

164 1871 202 1924 ut
218 1862 294 1925 huic
309 1863 435 1926 famulo
451 1873 509 1926 tuo
524 1863 570 1927 ill.
585 1866 640 1944 qui
657 1865 689 1925 in
706 1863 827 1926 saeculi
851 1864 947 1925 huius
963 1873 1059 1925 nocte
1075 1874 1215 1945 uagatur
1230 1866 1373 1927 incertus

164 1960 199 2011 et
222 1950 344 2012 dubius
367 1952 457 2013 uiam
482 1952 630 2012 ueritatis
657 1959 690 2012 et
717 1950 895 2031 agnitionis
920 1961 997 2012 tuae
1013 1949 1126 2012 iubeas
1142 1952 1369 2013 demonstrari.

165 2046 330 2117 quatenus
353 2037 505 2100 reseratis
530 2037 634 2099 oculis
660 2038 768 2100 cordis
794 2038 852 2099 sui.
869 2046 903 2099 te
930 2056 1032 2098 unum
1057 2038 1158 2099 deum
1184 2047 1310 2119 patrem
1336 2040 1369 2100 in

166 2120 298 2198 filium.†
330 2132 364 2185 et
402 2123 506 2186 filium
544 2125 577 2186 in
616 2135 710 2205 patre
740 2143 815 2184 cum
846 2134 963 2185 sancto
1000 2124 1116 2204 spiritu
1155 2136 1369 2206 recognoscat

164 2206 280 2291 satque
310 2209 407 2272 huius
437 2210 651 2273 confessionis
682 2209 823 2272 fructum
855 2220 888 2272 et
914 2211 966 2271 hic
993 2223 1027 2272 et
1055 2212 1086 2272 in
1111 2210 1221 2273 luturo
1246 2210 1300 2292 [lo.
1318 2227 1368 2289 70.

163 2296 297 2358 saeculo
312 2298 480 2379 percipere
496 2306 666 2359 mereatur.
683 2317 742 2378 per
756 2297 907 2358 eundem.

206 2381 290 2444 Inde
302 2404 377 2446 uero
389 2393 561 2465 postquam
571 2383 760 2465 gustauerit
774 2384 965 2445 medicinam
980 2383 1061 2444 salis
1082 2392 1114 2445 et
1135 2384 1199 2464 ipse
1212 2405 1245 2445 se
1257 2384 1370 2465 sigua-

163 2469 250 2531 uerit
263 2470 430 2532 Benedicis
444 2490 524 2532 uem.

207 2556 353 2619 Domine
368 2566 483 2619 sancte
498 2566 592 2638 pater
614 2556 826 2637 omnipotens
851 2565 982 2618 aeterne
1008 2556 1090 2618 deus
1115 2557 1170 2637 qui
1195 2577 1231 2619 es
1254 2568 1287 2619 et
1312 2558 1368 2639 qui

160 2663 234 2705 eras
257 2652 290 2705 et
314 2664 487 2724 permanes
503 2663 606 2724 usque
629 2645 661 2704 in
687 2642 796 2704 finem.
812 2644 904 2704 cuius
929 2644 1021 2718 origo
1046 2646 1190 2706 nescitur
1211 2665 1270 2706 nec
1296 2643 1370 2706 finis

160 2729 397 2810 comprehendi
420 2739 539 2812 potest
555 2741 588 2792 te
603 2730 738 2791 domine
754 2730 918 2811 supplices
942 2730 1136 2791 inuocamus
1160 2752 1258 2811 super
1281 2730 1369 2793 hune

161 2815 323 2877 famulum
340 2827 434 2878 tuum
452 2817 496 2878 ill.
512 2836 612 2896 quem
636 2816 781 2878 liberasti
805 2820 847 2879 de
870 2835 977 2879 errore
992 2816 1165 2897 gentilium
1182 2832 1215 2880 et
1231 2839 1366 2880 conuer-

160 2903 292 2964 satione
307 2903 505 2984 turpissima
552 2903 700 2984 Dignare
716 2903 874 2964 exaudire
891 2923 967 2965 eum
983 2904 1039 2984 qui
1056 2903 1114 2965 tibi
1132 2906 1275 2966 ceruices
1291 2927 1366 2967 suas

160 2988 323 3052 humiliat.
370 2990 544 3052 Perueniat
560 2990 602 3051 ad
628 2988 749 3051 lauacri
776 2989 908 3051 sontem.
935 3000 971 3052 ut
998 3000 1131 3052 renatus
1158 3011 1202 3051 ex
1228 3012 1314 3071 aqua
1334 3002 1368 3054 et

160 3077 278 3157 spiritu
294 3085 424 3138 sancto:
434 3075 624 3157 expoliatus
640 3085 786 3138 ueterem
802 3076 982 3138 hominem.
999 3077 1155 3139 induatur
1170 3096 1294 3138 nouum
1311 3081 1366 3158 qui

158 3163 343 3224 secundum
368 3163 468 3225 deum
492 3173 621 3225 creatus
643 3173 701 3224 est.
746 3163 902 3243 Accipiat
926 3174 1053 3224 uestem
1079 3164 1302 3243 incorruptam
1334 3176 1367 3227 et

159 3248 405 3312 inmaculatam.
431 3250 557 3331 tibique
581 3250 719 3312 domino
741 3249 806 3311 deo
830 3260 943 3311 nostro
967 3251 1088 3311 seruire
1113 3262 1284 3313 mereatur.
1309 3271 1368 3331 per
1436 3295 1441 3309 .

156 3335 333 3399 dominum
350 3338 520 3398 nostrum¹

333 3496 395 3582 flu
420 3499 593 3564 susurro
614 3512 758 3562 seuero
783 3511 907 3562 Noeta
930 3513 981 3561 Ap
1006 3513 1153 3562 russin.
1242 3499 1297 3581 [so.
1315 3516 1365 3578 73.

204 3601 296 3664 Deus
313 3603 369 3684 qui
382 3603 467 3665 hanc
480 3603 736 3665 sacratissimam
752 3615 881 3665 noctem
893 3602 997 3684 gloria
1010 3604 1196 3666 dominicae
1208 3625 1366 3666 resurrec-

155 3690 258 3753 tionis
271 3689 425 3752 inlustras
436 3710 597 3752 conserua
612 3689 644 3750 in
658 3709 745 3751 noua
761 3690 904 3752 familiae
921 3701 997 3751 tuae
1010 3692 1165 3771 progenie
1178 3693 1366 3772 adoptionis

154 3776 309 3857 spiritum
325 3796 424 3856 quem
441 3776 571 3838 dedisti.
587 3786 624 3839 ut
639 3796 776 3856 corpore
802 3787 836 3838 et
861 3787 971 3839 mente
991 3778 1139 3839 renouati
1165 3798 1280 3859 puram
1307 3780 1365 3840 tibi

154 3861 340 3925 exhibeant
355 3864 556 3926 seruitutem.
572 3882 632 3944 per
646 3863 799 3926 eundem.

695 3972 833 4036 Secreta.

203 4071 343 4154 Suscipe
358 4073 493 4135 domine
508 4092 689 4154 quesumus
706 4092 839 4154 praeces
855 4073 969 4155 populi
985 4073 1033 4136 tui
1050 4094 1124 4137 cum
1141 4073 1364 4139 oblationibus

156 4159 351 4222 hostiarum.
368 4167 405 4222 ut
420 4159 631 4241 paschalibus
648 4159 777 4222 initiata
794 4161 958 4241 mysteriis
981 4160 1024 4223 ad
1048 4164 1252 4224 aeternitatis
1270 4167 1363 4226 nobis

155 4245 324 4309 medelam
340 4255 374 4308 te
389 4257 549 4327 operante
563 4244 745 4327 proficiant.
761 4266 820 4328 per
835 4247 1019 4309 dominum.

192 4421 201 4453 ¹
217 4424 273 4479 The
290 4425 337 4474 last
353 4423 411 4474 half
422 4423 452 4474 ol
464 4425 508 4474 the
524 4435 592 4474 recto
608 4425 658 4474 and
675 4425 718 4476 the
735 4426 817 4477 whole
835 4443 906 4475 verso
923 4425 952 4474 of
965 4424 997 4477 fo.
1018 4436 1051 4488 70
1068 4443 1110 4479 are
1129 4429 1213 4478 blank.
1262 4432 1317 4481 Fos.
1334 4444 1362 4494 71

155 4490 210 4540 and
223 4500 254 4552 72
264 4504 307 4539 are
318 4489 438 4554 occupied
450 4490 482 4555 by
494 4489 675 4541 illuminatione
684 4493 735 4551 (see
748 4488 830 4541 Plates
842 4492 974 4563 tt-vlll.)
