<?xml version="1.0" encoding="UTF-8"?>
<!DOCTYPE html PUBLIC "-//W3C//DTD XHTML 1.0 Transitional//EN"
    "http://www.w3.org/TR/xhtml1/DTD/xhtml1-transitional.dtd">
<html xmlns="http://www.w3.org/1999/xhtml" xml:lang="en" lang="en">
 <head>
  <title>
</title>
<meta http-equiv="Content-Type" content="text/html;charset=utf-8" />
  <meta name='ocr-system' content='tesseract 3.04.00' />
  <meta name='ocr-capabilities' content='ocr_page ocr_carea ocr_par ocr_line ocrx_word'/>
</head>
<body>
  <div class='ocr_page' id='page_1' title='image "./missalrobertjum01wilsgoog_0180.png"; bbox 0 0 3046 5092; ppageno 0'>
   <div class='ocr_carea' id='block_1_1' title="bbox 156 259 955 316">
    <p class='ocr_par' dir='ltr' id='par_1_1' title="bbox 156 259 955 316">
     <span class='ocr_line' id='line_1_1' title="bbox 156 259 955 316; baseline -0.008 0"><span class='ocrx_word' id='word_1_1' title='bbox 156 267 202 316; x_wconf 81' lang='lat'>106</span> <span class='ocrx_word' id='word_1_2' title='bbox 569 262 683 312; x_wconf 74' lang='lat' dir='ltr'><em>FERIA</em></span> <span class='ocrx_word' id='word_1_3' title='bbox 714 260 741 308; x_wconf 84' lang='lat' dir='ltr'>V.</span> <span class='ocrx_word' id='word_1_4' title='bbox 766 259 815 309; x_wconf 87' lang='grc' dir='ltr'>ΙΝ</span> <span class='ocrx_word' id='word_1_5' title='bbox 834 259 955 310; x_wconf 80' lang='lat' dir='ltr'><em>ALBIS.</em></span> 
     </span>
    </p>
   </div>
   <div class='ocr_carea' id='block_1_2' title="bbox 639 437 885 518">
    <p class='ocr_par' dir='ltr' id='par_1_2' title="bbox 639 437 885 518">
     <span class='ocr_line' id='line_1_2' title="bbox 639 437 885 518; baseline -0.012 -18"><span class='ocrx_word' id='word_1_6' title='bbox 639 437 701 501; x_wconf 79' lang='lat' dir='ltr'>Ad</span> <span class='ocrx_word' id='word_1_7' title='bbox 711 446 885 518; x_wconf 80' lang='lat' dir='ltr'>uesperum.</span> 
     </span>
    </p>
   </div>
   <div class='ocr_carea' id='block_1_3' title="bbox 153 539 1366 869">
    <p class='ocr_par' dir='ltr' id='par_1_3' title="bbox 153 539 1366 869">
     <span class='ocr_line' id='line_1_3' title="bbox 198 539 1366 626; baseline -0.003 -18"><span class='ocrx_word' id='word_1_8' title='bbox 198 546 332 609; x_wconf 90' lang='lat' dir='ltr'>Praesta</span> <span class='ocrx_word' id='word_1_9' title='bbox 376 562 555 626; x_wconf 88' lang='lat' dir='ltr'>quesumus</span> <span class='ocrx_word' id='word_1_10' title='bbox 596 541 809 622; x_wconf 90' lang='lat' dir='ltr'>omnipotens</span> <span class='ocrx_word' id='word_1_11' title='bbox 847 541 937 603; x_wconf 81' lang='lat' dir='ltr'>deus</span> <span class='ocrx_word' id='word_1_12' title='bbox 975 547 1013 604; x_wconf 92' lang='lat' dir='ltr'>ut</span> <span class='ocrx_word' id='word_1_13' title='bbox 1057 539 1156 605; x_wconf 91' lang='lat' dir='ltr'>huius</span> <span class='ocrx_word' id='word_1_14' title='bbox 1201 542 1366 625; x_wconf 84' lang='lat' dir='ltr'>paschaiis</span> 
     </span>
     <span class='ocr_line' id='line_1_4' title="bbox 153 628 1365 709; baseline -0.002 -14"><span class='ocrx_word' id='word_1_15' title='bbox 153 632 342 695; x_wconf 86' lang='lat' dir='ltr'>sestiuitatis</span> <span class='ocrx_word' id='word_1_16' title='bbox 374 629 523 693; x_wconf 89' lang='lat' dir='ltr'>mirabile</span> <span class='ocrx_word' id='word_1_17' title='bbox 553 637 806 689; x_wconf 89' lang='lat' dir='ltr'>sacramentum.</span> <span class='ocrx_word' id='word_1_18' title='bbox 834 635 868 689; x_wconf 92' lang='lat' dir='ltr'>et</span> <span class='ocrx_word' id='word_1_19' title='bbox 898 628 1119 709; x_wconf 86' lang='lat' dir='ltr'><strong>temporalem</strong></span> <span class='ocrx_word' id='word_1_20' title='bbox 1151 629 1247 692; x_wconf 91' lang='lat' dir='ltr'>nobis</span> <span class='ocrx_word' id='word_1_21' title='bbox 1278 639 1365 693; x_wconf 89' lang='lat' dir='ltr'>tran-</span> 
     </span>
     <span class='ocr_line' id='line_1_5' title="bbox 154 713 1366 801; baseline -0.002 -19"><span class='ocrx_word' id='word_1_22' title='bbox 154 718 352 801; x_wconf 90' lang='lat' dir='ltr'>quillitatem</span> <span class='ocrx_word' id='word_1_23' title='bbox 413 717 543 779; x_wconf 90' lang='lat' dir='ltr'>tribuat.</span> <span class='ocrx_word' id='word_1_24' title='bbox 589 725 622 778; x_wconf 91' lang='lat' dir='ltr'>et</span> <span class='ocrx_word' id='word_1_25' title='bbox 667 715 772 776; x_wconf 91' lang='lat' dir='ltr'>uitam</span> <span class='ocrx_word' id='word_1_26' title='bbox 821 713 970 778; x_wconf 86' lang='lat' dir='ltr'>conserat</span> <span class='ocrx_word' id='word_1_27' title='bbox 1015 717 1263 799; x_wconf 88' lang='lat' dir='ltr'>sempiternam.</span> <span class='ocrx_word' id='word_1_28' title='bbox 1308 738 1366 800; x_wconf 93' lang='lat' dir='ltr'>per</span> 
     </span>
     <span class='ocr_line' id='line_1_6' title="bbox 154 807 336 869; baseline -0.016 0"><span class='ocrx_word' id='word_1_29' title='bbox 154 807 336 869; x_wconf 90' lang='lat' dir='ltr'>dominum.</span> 
     </span>
    </p>
   </div>
   <div class='ocr_carea' id='block_1_4' title="bbox 663 910 855 991">
    <p class='ocr_par' dir='ltr' id='par_1_4' title="bbox 663 910 855 991">
     <span class='ocr_line' id='line_1_7' title="bbox 663 910 855 991; baseline 0.005 -17"><span class='ocrx_word' id='word_1_30' title='bbox 663 911 726 974; x_wconf 80' lang='lat' dir='ltr'>Ad</span> <span class='ocrx_word' id='word_1_31' title='bbox 735 910 855 991; x_wconf 82' lang='lat' dir='ltr'>sontes.</span> 
     </span>
    </p>
   </div>
   <div class='ocr_carea' id='block_1_5' title="bbox 154 1013 1369 1276">
    <p class='ocr_par' dir='ltr' id='par_1_5' title="bbox 154 1013 1369 1276">
     <span class='ocr_line' id='line_1_8' title="bbox 199 1013 1364 1102; baseline -0.001 -18"><span class='ocrx_word' id='word_1_32' title='bbox 199 1021 291 1083; x_wconf 87' lang='lat' dir='ltr'>Deus</span> <span class='ocrx_word' id='word_1_33' title='bbox 306 1019 363 1101; x_wconf 93' lang='lat' dir='ltr'>qui</span> <span class='ocrx_word' id='word_1_34' title='bbox 380 1038 440 1080; x_wconf 91' lang='lat' dir='ltr'>nos</span> <span class='ocrx_word' id='word_1_35' title='bbox 457 1036 515 1099; x_wconf 92' lang='lat' dir='ltr'>per</span> <span class='ocrx_word' id='word_1_36' title='bbox 526 1015 696 1098; x_wconf 90' lang='lat' dir='ltr'>paschalia</span> <span class='ocrx_word' id='word_1_37' title='bbox 708 1014 794 1078; x_wconf 84' lang='lat' dir='ltr'>festa</span> <span class='ocrx_word' id='word_1_38' title='bbox 804 1013 971 1079; x_wconf 85' lang='lat' dir='ltr'>laetificas.</span> <span class='ocrx_word' id='word_1_39' title='bbox 981 1017 1128 1081; x_wconf 89' lang='lat' dir='ltr'>concede</span> <span class='ocrx_word' id='word_1_40' title='bbox 1143 1018 1236 1100; x_wconf 72' lang='lat' dir='ltr'>spro·</span> <span class='ocrx_word' id='word_1_41' title='bbox 1247 1018 1304 1102; x_wconf 86' lang='lat' dir='ltr'>[fo.</span> <span class='ocrx_word' id='word_1_42' title='bbox 1317 1021 1364 1100; x_wconf 93' lang='lat'>76.</span> 
     </span>
     <span class='ocr_line' id='line_1_9' title="bbox 154 1103 1369 1190; baseline 0 -20"><span class='ocrx_word' id='word_1_43' title='bbox 154 1108 262 1190; x_wconf 91' lang='lat' dir='ltr'>pitius.</span> <span class='ocrx_word' id='word_1_44' title='bbox 281 1120 317 1169; x_wconf 91' lang='lat' dir='ltr'>ut</span> <span class='ocrx_word' id='word_1_45' title='bbox 333 1125 474 1186; x_wconf 92' lang='lat' dir='ltr'>eaquae</span> <span class='ocrx_word' id='word_1_46' title='bbox 499 1104 642 1166; x_wconf 90' lang='lat' dir='ltr'>deuotae</span> <span class='ocrx_word' id='word_1_47' title='bbox 667 1103 805 1184; x_wconf 85' lang='lat' dir='ltr'>agimus.</span> <span class='ocrx_word' id='word_1_48' title='bbox 823 1112 857 1166; x_wconf 93' lang='lat' dir='ltr'>te</span> <span class='ocrx_word' id='word_1_49' title='bbox 881 1105 1064 1168; x_wconf 92' lang='lat' dir='ltr'>adiuuante</span> <span class='ocrx_word' id='word_1_50' title='bbox 1088 1104 1232 1169; x_wconf 86' lang='lat' dir='ltr'>fideliter</span> <span class='ocrx_word' id='word_1_51' title='bbox 1257 1116 1369 1170; x_wconf 91' lang='lat' dir='ltr'>tenea·</span> 
     </span>
     <span class='ocr_line' id='line_1_10' title="bbox 156 1214 319 1276; baseline -0.006 -19"><span class='ocrx_word' id='word_1_52' title='bbox 156 1214 236 1257; x_wconf 92' lang='lat' dir='ltr'>mus.</span> <span class='ocrx_word' id='word_1_53' title='bbox 254 1215 319 1276; x_wconf 92' lang='lat' dir='ltr'>per.</span> 
     </span>
    </p>
   </div>
   <div class='ocr_carea' id='block_1_6' title="bbox 559 1301 974 1367">
    <p class='ocr_par' dir='ltr' id='par_1_6' title="bbox 559 1301 974 1367">
     <span class='ocr_line' id='line_1_11' title="bbox 559 1301 974 1367; baseline 0 -1"><span class='ocrx_word' id='word_1_54' title='bbox 559 1302 622 1366; x_wconf 85' lang='lat' dir='ltr'>Ad</span> <span class='ocrx_word' id='word_1_55' title='bbox 631 1312 779 1364; x_wconf 86' lang='lat' dir='ltr'>sanctum</span> <span class='ocrx_word' id='word_1_56' title='bbox 794 1301 974 1367; x_wconf 82' lang='lat' dir='ltr'>Andream.</span> 
     </span>
    </p>
   </div>
   <div class='ocr_carea' id='block_1_7' title="bbox 155 1405 1368 1577">
    <p class='ocr_par' dir='ltr' id='par_1_7' title="bbox 155 1405 1368 1577">
     <span class='ocr_line' id='line_1_12' title="bbox 198 1405 1368 1490; baseline 0.003 -19"><span class='ocrx_word' id='word_1_57' title='bbox 198 1409 322 1472; x_wconf 89' lang='lat' dir='ltr'>Tribue</span> <span class='ocrx_word' id='word_1_58' title='bbox 336 1427 516 1490; x_wconf 89' lang='lat' dir='ltr'>quesumus</span> <span class='ocrx_word' id='word_1_59' title='bbox 531 1406 743 1487; x_wconf 90' lang='lat' dir='ltr'>omnipotens</span> <span class='ocrx_word' id='word_1_60' title='bbox 759 1405 849 1467; x_wconf 92' lang='lat' dir='ltr'>deus.</span> <span class='ocrx_word' id='word_1_61' title='bbox 865 1414 902 1468; x_wconf 95' lang='lat' dir='ltr'>ut</span> <span class='ocrx_word' id='word_1_62' title='bbox 925 1405 1002 1468; x_wconf 92' lang='lat' dir='ltr'>illuc</span> <span class='ocrx_word' id='word_1_63' title='bbox 1027 1407 1145 1470; x_wconf 92' lang='lat' dir='ltr'>tendat</span> <span class='ocrx_word' id='word_1_64' title='bbox 1170 1406 1368 1474; x_wconf 85' lang='lat' dir='ltr'>christianae</span> 
     </span>
     <span class='ocr_line' id='line_1_13' title="bbox 155 1493 1203 1577; baseline -0.001 -18"><span class='ocrx_word' id='word_1_65' title='bbox 155 1497 342 1560; x_wconf 88' lang='lat' dir='ltr'>deuotionis</span> <span class='ocrx_word' id='word_1_66' title='bbox 357 1493 504 1557; x_wconf 83' lang='lat' dir='ltr'>affectus</span> <span class='ocrx_word' id='word_1_67' title='bbox 520 1513 587 1574; x_wconf 92' lang='lat' dir='ltr'>quo</span> <span class='ocrx_word' id='word_1_68' title='bbox 602 1504 713 1556; x_wconf 91' lang='lat' dir='ltr'>tecum</span> <span class='ocrx_word' id='word_1_69' title='bbox 729 1501 780 1555; x_wconf 93' lang='lat' dir='ltr'>est</span> <span class='ocrx_word' id='word_1_70' title='bbox 796 1502 909 1556; x_wconf 89' lang='lat' dir='ltr'>nostra</span> <span class='ocrx_word' id='word_1_71' title='bbox 924 1494 1118 1557; x_wconf 80' lang='lat' dir='ltr'>substantia.</span> <span class='ocrx_word' id='word_1_72' title='bbox 1136 1515 1203 1577; x_wconf 90' lang='lat' dir='ltr'>per.</span> 
     </span>
    </p>
   </div>
   <div class='ocr_carea' id='block_1_8' title="bbox 670 1697 847 1762">
    <p class='ocr_par' dir='ltr' id='par_1_8' title="bbox 670 1697 847 1762">
     <span class='ocr_line' id='line_1_14' title="bbox 670 1697 847 1762; baseline 0.006 -1"><span class='ocrx_word' id='word_1_73' title='bbox 670 1698 790 1762; x_wconf 78' lang='lat' dir='ltr'>Fsmn</span> <span class='ocrx_word' id='word_1_74' title='bbox 805 1697 847 1762; x_wconf 93' lang='lat' dir='ltr'>V.</span> 
     </span>
    </p>
   </div>
   <div class='ocr_carea' id='block_1_9' title="bbox 153 1832 1366 2090">
    <p class='ocr_par' dir='ltr' id='par_1_9' title="bbox 153 1832 1366 2090">
     <span class='ocr_line' id='line_1_15' title="bbox 199 1832 1366 1916; baseline 0.001 -19"><span class='ocrx_word' id='word_1_75' title='bbox 199 1835 292 1897; x_wconf 91' lang='lat' dir='ltr'>Deus</span> <span class='ocrx_word' id='word_1_76' title='bbox 322 1834 379 1916; x_wconf 93' lang='lat' dir='ltr'>qui</span> <span class='ocrx_word' id='word_1_77' title='bbox 410 1833 638 1897; x_wconf 90' lang='lat' dir='ltr'>diuersitatem</span> <span class='ocrx_word' id='word_1_78' title='bbox 669 1833 819 1914; x_wconf 83' lang='lat' dir='ltr'>gentium</span> <span class='ocrx_word' id='word_1_79' title='bbox 847 1832 879 1894; x_wconf 91' lang='lat' dir='ltr'>in</span> <span class='ocrx_word' id='word_1_80' title='bbox 908 1833 1116 1897; x_wconf 85' lang='lat' dir='ltr'>confessione</span> <span class='ocrx_word' id='word_1_81' title='bbox 1146 1836 1195 1899; x_wconf 92' lang='lat' dir='ltr'>tui</span> <span class='ocrx_word' id='word_1_82' title='bbox 1226 1837 1366 1901; x_wconf 88' lang='lat' dir='ltr'>nominis</span> 
     </span>
     <span class='ocr_line' id='line_1_16' title="bbox 153 1919 1365 2001; baseline 0.002 -17"><span class='ocrx_word' id='word_1_83' title='bbox 153 1922 316 1984; x_wconf 91' lang='lat' dir='ltr'>adunasti.</span> <span class='ocrx_word' id='word_1_84' title='bbox 334 1921 377 1984; x_wconf 88' lang='lat' dir='ltr'>da</span> <span class='ocrx_word' id='word_1_85' title='bbox 401 1936 436 1983; x_wconf 90' lang='lat' dir='ltr'>ut</span> <span class='ocrx_word' id='word_1_86' title='bbox 462 1921 584 1983; x_wconf 89' lang='lat' dir='ltr'>renatis</span> <span class='ocrx_word' id='word_1_87' title='bbox 612 1919 704 1982; x_wconf 87' lang='lat' dir='ltr'>sonte</span> <span class='ocrx_word' id='word_1_88' title='bbox 720 1919 933 2001; x_wconf 88' lang='lat' dir='ltr'>baptismatis</span> <span class='ocrx_word' id='word_1_89' title='bbox 951 1941 1016 1983; x_wconf 92' lang='lat' dir='ltr'>una</span> <span class='ocrx_word' id='word_1_90' title='bbox 1033 1922 1075 1985; x_wconf 91' lang='lat' dir='ltr'>sit</span> <span class='ocrx_word' id='word_1_91' title='bbox 1095 1921 1180 1986; x_wconf 88' lang='lat' dir='ltr'>fides</span> <span class='ocrx_word' id='word_1_92' title='bbox 1197 1925 1365 1988; x_wconf 91' lang='lat' dir='ltr'>mentium.</span> 
     </span>
     <span class='ocr_line' id='line_1_17' title="bbox 154 2008 953 2090; baseline -0.003 -19"><span class='ocrx_word' id='word_1_93' title='bbox 154 2018 187 2071; x_wconf 91' lang='lat' dir='ltr'>et</span> <span class='ocrx_word' id='word_1_94' title='bbox 203 2009 310 2090; x_wconf 90' lang='lat' dir='ltr'>pietas</span> <span class='ocrx_word' id='word_1_95' title='bbox 326 2009 508 2071; x_wconf 90' lang='lat' dir='ltr'>actionum.</span> <span class='ocrx_word' id='word_1_96' title='bbox 524 2028 585 2089; x_wconf 94' lang='lat' dir='ltr'>per</span> <span class='ocrx_word' id='word_1_97' title='bbox 600 2008 777 2070; x_wconf 91' lang='lat' dir='ltr'>dominum</span> <span class='ocrx_word' id='word_1_98' title='bbox 794 2015 953 2069; x_wconf 90' lang='lat' dir='ltr'>nostrum.</span> 
     </span>
    </p>
   </div>
   <div class='ocr_carea' id='block_1_10' title="bbox 696 2116 834 2181">
    <p class='ocr_par' dir='ltr' id='par_1_10' title="bbox 696 2116 834 2181">
     <span class='ocr_line' id='line_1_18' title="bbox 696 2116 834 2181; baseline -0.014 0"><span class='ocrx_word' id='word_1_99' title='bbox 696 2116 834 2181; x_wconf 77' lang='lat' dir='ltr'>Secreta.</span> 
     </span>
    </p>
   </div>
   <div class='ocr_carea' id='block_1_11' title="bbox 157 2237 1364 2493">
    <p class='ocr_par' dir='ltr' id='par_1_11' title="bbox 157 2237 1364 2493">
     <span class='ocr_line' id='line_1_19' title="bbox 201 2237 1364 2325; baseline 0.001 -23"><span class='ocrx_word' id='word_1_100' title='bbox 201 2238 340 2321; x_wconf 88' lang='lat' dir='ltr'>Suscipe</span> <span class='ocrx_word' id='word_1_101' title='bbox 362 2257 541 2320; x_wconf 88' lang='lat' dir='ltr'>quesumus</span> <span class='ocrx_word' id='word_1_102' title='bbox 565 2237 702 2300; x_wconf 90' lang='lat' dir='ltr'>domine</span> <span class='ocrx_word' id='word_1_103' title='bbox 718 2258 855 2301; x_wconf 91' lang='lat' dir='ltr'>munera</span> <span class='ocrx_word' id='word_1_104' title='bbox 877 2238 1077 2320; x_wconf 89' lang='lat' dir='ltr'>populorum</span> <span class='ocrx_word' id='word_1_105' title='bbox 1101 2250 1236 2305; x_wconf 91' lang='lat' dir='ltr'>tuorum</span> <span class='ocrx_word' id='word_1_106' title='bbox 1261 2241 1364 2325; x_wconf 87' lang='lat' dir='ltr'>propi·</span> 
     </span>
     <span class='ocr_line' id='line_1_20' title="bbox 157 2323 1364 2414; baseline 0.002 -25"><span class='ocrx_word' id='word_1_107' title='bbox 157 2326 232 2389; x_wconf 93' lang='lat' dir='ltr'>tius.</span> <span class='ocrx_word' id='word_1_108' title='bbox 249 2336 285 2388; x_wconf 89' lang='lat' dir='ltr'>ut</span> <span class='ocrx_word' id='word_1_109' title='bbox 300 2326 507 2389; x_wconf 83' lang='lat' dir='ltr'>consessione</span> <span class='ocrx_word' id='word_1_110' title='bbox 522 2326 570 2386; x_wconf 92' lang='lat' dir='ltr'>tui</span> <span class='ocrx_word' id='word_1_111' title='bbox 587 2325 731 2387; x_wconf 91' lang='lat' dir='ltr'>nominis</span> <span class='ocrx_word' id='word_1_112' title='bbox 752 2335 785 2388; x_wconf 95' lang='lat' dir='ltr'>et</span> <span class='ocrx_word' id='word_1_113' title='bbox 801 2323 1006 2407; x_wconf 88' lang='lat' dir='ltr'>baptismate</span> <span class='ocrx_word' id='word_1_114' title='bbox 1023 2331 1182 2392; x_wconf 85' lang='lat' dir='ltr'>renouati.</span> <span class='ocrx_word' id='word_1_115' title='bbox 1197 2332 1364 2414; x_wconf 89' lang='lat' dir='ltr'>sempiter-</span> 
     </span>
     <span class='ocr_line' id='line_1_21' title="bbox 157 2413 839 2493; baseline -0.001 -19"><span class='ocrx_word' id='word_1_116' title='bbox 157 2432 235 2475; x_wconf 90' lang='lat' dir='ltr'>nam</span> <span class='ocrx_word' id='word_1_117' title='bbox 251 2413 491 2476; x_wconf 92' lang='lat' dir='ltr'>beatitudinem</span> <span class='ocrx_word' id='word_1_118' title='bbox 508 2422 758 2493; x_wconf 89' lang='lat' dir='ltr'>consequantur.</span> <span class='ocrx_word' id='word_1_119' title='bbox 775 2432 839 2493; x_wconf 91' lang='lat' dir='ltr'>per.</span> 
     </span>
    </p>
   </div>
   <div class='ocr_carea' id='block_1_12' title="bbox 674 2522 854 2601">
    <p class='ocr_par' dir='ltr' id='par_1_12' title="bbox 674 2522 854 2601">
     <span class='ocr_line' id='line_1_22' title="bbox 674 2522 854 2601; baseline 0.006 -17"><span class='ocrx_word' id='word_1_120' title='bbox 674 2522 854 2601; x_wconf 65' lang='lat' dir='ltr'>Praefatio</span> 
     </span>
    </p>
   </div>
   <div class='ocr_carea' id='block_1_13' title="bbox 157 2625 1361 2970">
    <p class='ocr_par' dir='ltr' id='par_1_13' title="bbox 157 2625 1361 2970">
     <span class='ocr_line' id='line_1_23' title="bbox 202 2625 1361 2712; baseline 0.001 -22"><span class='ocrx_word' id='word_1_121' title='bbox 202 2629 250 2691; x_wconf 69' lang='lat' dir='ltr'>(t)</span> <span class='ocrx_word' id='word_1_122' title='bbox 269 2649 325 2709; x_wconf 87' lang='lat' dir='ltr'>per</span> <span class='ocrx_word' id='word_1_123' title='bbox 340 2627 498 2690; x_wconf 90' lang='lat' dir='ltr'>christum</span> <span class='ocrx_word' id='word_1_124' title='bbox 521 2625 694 2689; x_wconf 91' lang='lat' dir='ltr'>dominum</span> <span class='ocrx_word' id='word_1_125' title='bbox 720 2637 878 2689; x_wconf 89' lang='lat' dir='ltr'>nostrum.</span> <span class='ocrx_word' id='word_1_126' title='bbox 925 2626 992 2709; x_wconf 85' lang='lat' dir='ltr'>Qui</span> <span class='ocrx_word' id='word_1_127' title='bbox 1021 2649 1081 2692; x_wconf 90' lang='lat' dir='ltr'>nos</span> <span class='ocrx_word' id='word_1_128' title='bbox 1108 2649 1167 2711; x_wconf 91' lang='lat' dir='ltr'>per</span> <span class='ocrx_word' id='word_1_129' title='bbox 1191 2631 1361 2712; x_wconf 83' lang='lat' dir='ltr'>paschaiae</span> 
     </span>
     <span class='ocr_line' id='line_1_24' title="bbox 158 2714 1361 2796; baseline 0.003 -21"><span class='ocrx_word' id='word_1_130' title='bbox 158 2717 351 2796; x_wconf 84' lang='lat' dir='ltr'>mysterium</span> <span class='ocrx_word' id='word_1_131' title='bbox 378 2715 511 2777; x_wconf 89' lang='lat' dir='ltr'>edocuit</span> <span class='ocrx_word' id='word_1_132' title='bbox 536 2724 736 2776; x_wconf 85' lang='lat' dir='ltr'>uetustatem</span> <span class='ocrx_word' id='word_1_133' title='bbox 765 2715 854 2775; x_wconf 91' lang='lat' dir='ltr'>uitae</span> <span class='ocrx_word' id='word_1_134' title='bbox 880 2714 1071 2795; x_wconf 85' lang='lat' dir='ltr'>relinquere.</span> <span class='ocrx_word' id='word_1_135' title='bbox 1100 2727 1133 2778; x_wconf 90' lang='lat' dir='ltr'>et</span> <span class='ocrx_word' id='word_1_136' title='bbox 1161 2718 1194 2779; x_wconf 92' lang='lat' dir='ltr'>in</span> <span class='ocrx_word' id='word_1_137' title='bbox 1221 2720 1361 2781; x_wconf 85' lang='lat' dir='ltr'>nouitate</span> 
     </span>
     <span class='ocr_line' id='line_1_25' title="bbox 157 2802 1360 2884; baseline 0 -21"><span class='ocrx_word' id='word_1_138' title='bbox 157 2803 289 2883; x_wconf 89' lang='lat' dir='ltr'>spiritus</span> <span class='ocrx_word' id='word_1_139' title='bbox 307 2802 485 2863; x_wconf 89' lang='lat' dir='ltr'>ambulare.</span> <span class='ocrx_word' id='word_1_140' title='bbox 509 2822 528 2862; x_wconf 94' lang='lat' dir='ltr'>a</span> <span class='ocrx_word' id='word_1_141' title='bbox 555 2822 621 2881; x_wconf 94' lang='lat' dir='ltr'>quo</span> <span class='ocrx_word' id='word_1_142' title='bbox 647 2810 826 2881; x_wconf 87' lang='lat' dir='ltr'>perpetuae</span> <span class='ocrx_word' id='word_1_143' title='bbox 853 2803 968 2862; x_wconf 88' lang='lat' dir='ltr'>mortis</span> <span class='ocrx_word' id='word_1_144' title='bbox 996 2815 1170 2884; x_wconf 89' lang='lat' dir='ltr'>superatur</span> <span class='ocrx_word' id='word_1_145' title='bbox 1197 2807 1360 2868; x_wconf 87' lang='lat' dir='ltr'>acerbitas.</span> 
     </span>
     <span class='ocr_line' id='line_1_26' title="bbox 157 2886 1201 2970; baseline 0.003 -20"><span class='ocrx_word' id='word_1_146' title='bbox 157 2900 190 2950; x_wconf 91' lang='lat' dir='ltr'>et</span> <span class='ocrx_word' id='word_1_147' title='bbox 206 2901 359 2952; x_wconf 87' lang='lat' dir='ltr'>aeternae</span> <span class='ocrx_word' id='word_1_148' title='bbox 377 2890 465 2951; x_wconf 90' lang='lat' dir='ltr'>uitae</span> <span class='ocrx_word' id='word_1_149' title='bbox 482 2886 634 2950; x_wconf 88' lang='lat' dir='ltr'>fidelibus</span> <span class='ocrx_word' id='word_1_150' title='bbox 651 2887 805 2949; x_wconf 88' lang='lat' dir='ltr'>tribuitur</span> <span class='ocrx_word' id='word_1_151' title='bbox 820 2888 1001 2969; x_wconf 78' lang='lat' dir='ltr'>integritas,</span> <span class='ocrx_word' id='word_1_152' title='bbox 1020 2910 1077 2970; x_wconf 92' lang='lat' dir='ltr'>per</span> <span class='ocrx_word' id='word_1_153' title='bbox 1092 2911 1201 2970; x_wconf 90' lang='lat' dir='ltr'>quem.</span> 
     </span>
    </p>
   </div>
   <div class='ocr_carea' id='block_1_14' title="bbox 613 2999 911 3080">
    <p class='ocr_par' dir='ltr' id='par_1_14' title="bbox 613 2999 911 3080">
     <span class='ocr_line' id='line_1_27' title="bbox 613 2999 911 3080; baseline 0.003 -20"><span class='ocrx_word' id='word_1_154' title='bbox 613 2999 676 3060; x_wconf 80' lang='lat' dir='ltr'>Ad</span> <span class='ocrx_word' id='word_1_155' title='bbox 685 2999 911 3080; x_wconf 67' lang='lat' dir='ltr'>conplendum.</span> 
     </span>
    </p>
   </div>
   <div class='ocr_carea' id='block_1_15' title="bbox 157 3103 1360 3358">
    <p class='ocr_par' dir='ltr' id='par_1_15' title="bbox 157 3103 1360 3358">
     <span class='ocr_line' id='line_1_28' title="bbox 201 3103 1360 3187; baseline 0.003 -22"><span class='ocrx_word' id='word_1_156' title='bbox 201 3103 335 3165; x_wconf 85' lang='lat' dir='ltr'>Exaudi</span> <span class='ocrx_word' id='word_1_157' title='bbox 374 3103 508 3165; x_wconf 89' lang='lat' dir='ltr'>domine</span> <span class='ocrx_word' id='word_1_158' title='bbox 546 3122 681 3184; x_wconf 86' lang='lat' dir='ltr'>praeces</span> <span class='ocrx_word' id='word_1_159' title='bbox 716 3114 852 3165; x_wconf 84' lang='lat' dir='ltr'>nostras</span> <span class='ocrx_word' id='word_1_160' title='bbox 884 3112 920 3164; x_wconf 91' lang='lat' dir='ltr'>ut</span> <span class='ocrx_word' id='word_1_161' title='bbox 960 3105 1199 3187; x_wconf 86' lang='lat' dir='ltr'>redemptionis</span> <span class='ocrx_word' id='word_1_162' title='bbox 1237 3118 1360 3170; x_wconf 89' lang='lat' dir='ltr'>nostrae</span> 
     </span>
     <span class='ocr_line' id='line_1_29' title="bbox 157 3190 1359 3275; baseline 0.003 -25"><span class='ocrx_word' id='word_1_163' title='bbox 157 3202 367 3252; x_wconf 84' lang='lat' dir='ltr'>sacrosancta</span> <span class='ocrx_word' id='word_1_164' title='bbox 408 3191 614 3251; x_wconf 91' lang='lat' dir='ltr'>commercia.</span> <span class='ocrx_word' id='word_1_165' title='bbox 646 3199 680 3251; x_wconf 90' lang='lat' dir='ltr'>et</span> <span class='ocrx_word' id='word_1_166' title='bbox 717 3191 806 3252; x_wconf 89' lang='lat' dir='ltr'>uitae</span> <span class='ocrx_word' id='word_1_167' title='bbox 847 3190 942 3251; x_wconf 90' lang='lat' dir='ltr'>nobis</span> <span class='ocrx_word' id='word_1_168' title='bbox 973 3191 1147 3255; x_wconf 84' lang='lat' dir='ltr'>conferant</span> <span class='ocrx_word' id='word_1_169' title='bbox 1187 3198 1359 3275; x_wconf 83' lang='lat' dir='ltr'>praesentis</span> 
     </span>
     <span class='ocr_line' id='line_1_30' title="bbox 157 3277 1206 3358; baseline 0.005 -20"><span class='ocrx_word' id='word_1_170' title='bbox 157 3278 327 3338; x_wconf 87' lang='lat' dir='ltr'>auxilium.</span> <span class='ocrx_word' id='word_1_171' title='bbox 346 3287 378 3338; x_wconf 91' lang='lat' dir='ltr'>et</span> <span class='ocrx_word' id='word_1_172' title='bbox 394 3278 515 3358; x_wconf 86' lang='lat' dir='ltr'>gaudia</span> <span class='ocrx_word' id='word_1_173' title='bbox 531 3277 732 3357; x_wconf 90' lang='lat' dir='ltr'>sempiterna</span> <span class='ocrx_word' id='word_1_174' title='bbox 747 3277 930 3339; x_wconf 87' lang='lat' dir='ltr'>concilient.</span> <span class='ocrx_word' id='word_1_175' title='bbox 948 3298 1006 3358; x_wconf 92' lang='lat' dir='ltr'>per</span> <span class='ocrx_word' id='word_1_176' title='bbox 1022 3279 1206 3344; x_wconf 87' lang='lat' dir='ltr'>dominum.</span> 
     </span>
    </p>
   </div>
   <div class='ocr_carea' id='block_1_16' title="bbox 642 3386 889 3468">
    <p class='ocr_par' dir='ltr' id='par_1_16' title="bbox 642 3386 889 3468">
     <span class='ocr_line' id='line_1_31' title="bbox 642 3386 889 3468; baseline 0.008 -21"><span class='ocrx_word' id='word_1_177' title='bbox 642 3386 706 3448; x_wconf 80' lang='lat' dir='ltr'>Ad</span> <span class='ocrx_word' id='word_1_178' title='bbox 717 3398 889 3468; x_wconf 80' lang='lat' dir='ltr'>uesperum.</span> 
     </span>
    </p>
   </div>
   <div class='ocr_carea' id='block_1_17' title="bbox 203 3489 1361 3579">
    <p class='ocr_par' dir='ltr' id='par_1_17' title="bbox 203 3489 1361 3579">
     <span class='ocr_line' id='line_1_32' title="bbox 203 3489 1361 3579; baseline 0.009 -29"><span class='ocrx_word' id='word_1_179' title='bbox 203 3489 388 3571; x_wconf 89' lang='lat' dir='ltr'>Multiplica</span> <span class='ocrx_word' id='word_1_180' title='bbox 405 3511 584 3571; x_wconf 88' lang='lat' dir='ltr'>quesumus</span> <span class='ocrx_word' id='word_1_181' title='bbox 600 3490 734 3552; x_wconf 90' lang='lat' dir='ltr'>domine</span> <span class='ocrx_word' id='word_1_182' title='bbox 751 3490 850 3552; x_wconf 90' lang='lat' dir='ltr'>fidem</span> <span class='ocrx_word' id='word_1_183' title='bbox 875 3491 989 3573; x_wconf 91' lang='lat' dir='ltr'>populi</span> <span class='ocrx_word' id='word_1_184' title='bbox 1015 3493 1069 3555; x_wconf 94' lang='lat' dir='ltr'>tui.</span> <span class='ocrx_word' id='word_1_185' title='bbox 1088 3504 1124 3556; x_wconf 91' lang='lat' dir='ltr'>ut</span> <span class='ocrx_word' id='word_1_186' title='bbox 1140 3496 1234 3559; x_wconf 91' lang='lat' dir='ltr'>cuius</span> <span class='ocrx_word' id='word_1_187' title='bbox 1256 3519 1313 3579; x_wconf 89' lang='lat' dir='ltr'>per</span> <span class='ocrx_word' id='word_1_188' title='bbox 1333 3508 1361 3560; x_wconf 92' lang='lat' dir='ltr'>te</span> 
     </span>
    </p>
   </div>
   <div class='ocr_carea' id='block_1_18' title="bbox 157 3578 1360 3725">
    <p class='ocr_par' dir='ltr' id='par_1_18' title="bbox 157 3578 1360 3725">
     <span class='ocr_line' id='line_1_33' title="bbox 158 3578 1360 3662; baseline 0.011 -26"><span class='ocrx_word' id='word_1_189' title='bbox 158 3578 298 3657; x_wconf 85' lang='lat' dir='ltr'>sumpsit</span> <span class='ocrx_word' id='word_1_190' title='bbox 322 3579 459 3639; x_wconf 88' lang='lat' dir='ltr'>initium.</span> <span class='ocrx_word' id='word_1_191' title='bbox 484 3588 598 3659; x_wconf 89' lang='lat' dir='ltr'>perte</span> <span class='ocrx_word' id='word_1_192' title='bbox 621 3588 843 3658; x_wconf 85' lang='lat' dir='ltr'>consequatur</span> <span class='ocrx_word' id='word_1_193' title='bbox 865 3591 1092 3661; x_wconf 87' lang='lat' dir='ltr'>augmentum.</span> <span class='ocrx_word' id='word_1_194' title='bbox 1112 3602 1172 3662; x_wconf 91' lang='lat' dir='ltr'>per</span> <span class='ocrx_word' id='word_1_195' title='bbox 1196 3585 1360 3648; x_wconf 87' lang='lat' dir='ltr'>dominum</span> 
     </span>
     <span class='ocr_line' id='line_1_34' title="bbox 157 3673 315 3725; baseline 0.006 -2"><span class='ocrx_word' id='word_1_196' title='bbox 157 3673 315 3725; x_wconf 89' lang='lat' dir='ltr'>nostrum.</span> 
     </span>
    </p>
   </div>
   <div class='ocr_carea' id='block_1_19' title="bbox 666 3751 856 3830">
    <p class='ocr_par' dir='ltr' id='par_1_19' title="bbox 666 3751 856 3830">
     <span class='ocr_line' id='line_1_35' title="bbox 666 3751 856 3830; baseline 0.005 -17"><span class='ocrx_word' id='word_1_197' title='bbox 666 3751 727 3813; x_wconf 79' lang='lat' dir='ltr'>Ad</span> <span class='ocrx_word' id='word_1_198' title='bbox 737 3752 856 3830; x_wconf 79' lang='lat' dir='ltr'>fontes.</span> 
     </span>
    </p>
   </div>
   <div class='ocr_carea' id='block_1_20' title="bbox 157 3853 1364 4109">
    <p class='ocr_par' dir='ltr' id='par_1_20' title="bbox 157 3853 1364 4109">
     <span class='ocr_line' id='line_1_36' title="bbox 202 3853 1362 3937; baseline 0.008 -22"><span class='ocrx_word' id='word_1_199' title='bbox 202 3853 293 3915; x_wconf 90' lang='lat' dir='ltr'>Deus</span> <span class='ocrx_word' id='word_1_200' title='bbox 324 3853 380 3933; x_wconf 93' lang='lat' dir='ltr'>qui</span> <span class='ocrx_word' id='word_1_201' title='bbox 411 3853 505 3914; x_wconf 91' lang='lat' dir='ltr'>nobis</span> <span class='ocrx_word' id='word_1_202' title='bbox 537 3853 580 3915; x_wconf 87' lang='lat' dir='ltr'>ad</span> <span class='ocrx_word' id='word_1_203' title='bbox 611 3855 866 3919; x_wconf 86' lang='lat' dir='ltr'>caelebrandum</span> <span class='ocrx_word' id='word_1_204' title='bbox 906 3856 1082 3937; x_wconf 88' lang='lat' dir='ltr'>paschalae</span> <span class='ocrx_word' id='word_1_205' title='bbox 1120 3872 1362 3924; x_wconf 85' lang='lat' dir='ltr'>sacramentum</span> 
     </span>
     <span class='ocr_line' id='line_1_37' title="bbox 158 3940 1364 4026; baseline 0.011 -27"><span class='ocrx_word' id='word_1_206' title='bbox 158 3940 322 4003; x_wconf 90' lang='lat' dir='ltr'>liberiores</span> <span class='ocrx_word' id='word_1_207' title='bbox 353 3942 480 4002; x_wconf 87' lang='lat' dir='ltr'>animos</span> <span class='ocrx_word' id='word_1_208' title='bbox 498 3942 697 4021; x_wconf 91' lang='lat' dir='ltr'>praestitisti.</span> <span class='ocrx_word' id='word_1_209' title='bbox 715 3943 798 4004; x_wconf 92' lang='lat' dir='ltr'>doce</span> <span class='ocrx_word' id='word_1_210' title='bbox 815 3962 875 4004; x_wconf 90' lang='lat' dir='ltr'>nos</span> <span class='ocrx_word' id='word_1_211' title='bbox 893 3953 926 4006; x_wconf 92' lang='lat' dir='ltr'>et</span> <span class='ocrx_word' id='word_1_212' title='bbox 943 3953 1090 4006; x_wconf 86' lang='lat' dir='ltr'>metuere</span> <span class='ocrx_word' id='word_1_213' title='bbox 1106 3947 1197 4026; x_wconf 91' lang='lat' dir='ltr'>quod</span> <span class='ocrx_word' id='word_1_214' title='bbox 1222 3948 1364 4011; x_wconf 85' lang='lat' dir='ltr'>irasceris</span> 
     </span>
     <span class='ocr_line' id='line_1_38' title="bbox 157 4028 1047 4109; baseline 0.004 -21"><span class='ocrx_word' id='word_1_215' title='bbox 157 4039 189 4089; x_wconf 90' lang='lat' dir='ltr'>et</span> <span class='ocrx_word' id='word_1_216' title='bbox 205 4049 316 4091; x_wconf 81' lang='lat' dir='ltr'>amare</span> <span class='ocrx_word' id='word_1_217' title='bbox 332 4029 421 4109; x_wconf 93' lang='lat' dir='ltr'>quod</span> <span class='ocrx_word' id='word_1_218' title='bbox 440 4028 609 4109; x_wconf 82' lang='lat' dir='ltr'>praecipis</span> <span class='ocrx_word' id='word_1_219' title='bbox 626 4049 684 4109; x_wconf 89' lang='lat' dir='ltr'>per</span> <span class='ocrx_word' id='word_1_220' title='bbox 699 4029 871 4092; x_wconf 90' lang='lat' dir='ltr'>dominum</span> <span class='ocrx_word' id='word_1_221' title='bbox 889 4041 1047 4092; x_wconf 89' lang='lat' dir='ltr'>nostrum.</span> 
     </span>
    </p>
   </div>
   <div class='ocr_carea' id='block_1_21' title="bbox 561 4140 975 4205">
    <p class='ocr_par' dir='ltr' id='par_1_21' title="bbox 561 4140 975 4205">
     <span class='ocr_line' id='line_1_39' title="bbox 561 4140 975 4205; baseline 0.01 -4"><span class='ocrx_word' id='word_1_222' title='bbox 561 4140 624 4202; x_wconf 85' lang='lat' dir='ltr'>Ad</span> <span class='ocrx_word' id='word_1_223' title='bbox 633 4150 780 4202; x_wconf 84' lang='lat' dir='ltr'>sanctum</span> <span class='ocrx_word' id='word_1_224' title='bbox 795 4141 975 4205; x_wconf 78' lang='lat' dir='ltr'>Andream.</span> 
     </span>
    </p>
   </div>
   <div class='ocr_carea' id='block_1_22' title="bbox 156 4242 1367 4497">
    <p class='ocr_par' dir='ltr' id='par_1_22' title="bbox 156 4242 1367 4497">
     <span class='ocr_line' id='line_1_40' title="bbox 200 4242 1367 4331; baseline 0.01 -27"><span class='ocrx_word' id='word_1_225' title='bbox 200 4242 269 4325; x_wconf 68' lang='lat' dir='ltr'>[Da</span> <span class='ocrx_word' id='word_1_226' title='bbox 292 4263 471 4324; x_wconf 88' lang='lat' dir='ltr'>quesumus</span> <span class='ocrx_word' id='word_1_227' title='bbox 496 4244 706 4325; x_wconf 91' lang='lat' dir='ltr'>omnipotens</span> <span class='ocrx_word' id='word_1_228' title='bbox 733 4246 822 4308; x_wconf 89' lang='lat' dir='ltr'>deus.</span> <span class='ocrx_word' id='word_1_229' title='bbox 849 4256 885 4308; x_wconf 89' lang='lat' dir='ltr'>ut</span> <span class='ocrx_word' id='word_1_230' title='bbox 910 4245 1070 4308; x_wconf 86' lang='lat' dir='ltr'>aecclesia</span> <span class='ocrx_word' id='word_1_231' title='bbox 1092 4256 1151 4309; x_wconf 92' lang='lat' dir='ltr'>tua</span> <span class='ocrx_word' id='word_1_232' title='bbox 1173 4258 1207 4311; x_wconf 91' lang='lat' dir='ltr'>et</span> <span class='ocrx_word' id='word_1_233' title='bbox 1225 4249 1282 4331; x_wconf 85' lang='lat' dir='ltr'>[so.</span> <span class='ocrx_word' id='word_1_234' title='bbox 1297 4253 1367 4331; x_wconf 83' lang='lat' dir='ltr'>76v.</span> 
     </span>
     <span class='ocr_line' id='line_1_41' title="bbox 156 4329 1366 4479; baseline 0.012 -90"><span class='ocrx_word' id='word_1_235' title='bbox 156 4350 289 4479; x_wconf 63' lang='lat' dir='ltr'>suorpm</span> <span class='ocrx_word' id='word_1_236' title='bbox 307 4330 461 4430; x_wconf 69' lang='lat' dir='ltr'>firmitate</span> <span class='ocrx_word' id='word_1_237' title='bbox 475 4329 697 4393; x_wconf 90' lang='lat' dir='ltr'>membrorum</span> <span class='ocrx_word' id='word_1_238' title='bbox 711 4344 743 4395; x_wconf 91' lang='lat' dir='ltr'>et</span> <span class='ocrx_word' id='word_1_239' title='bbox 757 4352 845 4396; x_wconf 90' lang='lat' dir='ltr'>noua</span> <span class='ocrx_word' id='word_1_240' title='bbox 860 4353 991 4415; x_wconf 90' lang='lat' dir='ltr'>semper</span> <span class='ocrx_word' id='word_1_241' title='bbox 1003 4333 1208 4399; x_wconf 83' lang='lat' dir='ltr'>fecunditate</span> <span class='ocrx_word' id='word_1_242' title='bbox 1221 4337 1366 4404; x_wconf 89' lang='lat' dir='ltr'>laetetur.</span> 
     </span>
     <span class='ocr_line' id='line_1_42' title="bbox 158 4437 413 4497; baseline 0.008 -18"><span class='ocrx_word' id='word_1_243' title='bbox 158 4437 216 4497; x_wconf 90' lang='lat' dir='ltr'>per</span> <span class='ocrx_word' id='word_1_244' title='bbox 254 4437 413 4481; x_wconf 80' lang='lat' dir='ltr'>ominum.</span> 
     </span>
    </p>
   </div>
   <div class='ocr_carea' id='block_1_23' title="bbox 0 0 1532 5092">
    <p class='ocr_par' dir='ltr' id='par_1_23' title="bbox 0 0 1532 5092">
     <span class='ocr_line' id='line_1_43' title="bbox 0 0 1532 5092; baseline 0 0"><span class='ocrx_word' id='word_1_245' title='bbox 0 0 1532 5092; x_wconf 95' lang='lat' dir='ltr'> </span> 
     </span>
    </p>
   </div>
  </div>
 </body>
</html>
