3046 5092
380 281 473 332 DOM.
504 280 554 331 IN
578 273 907 342 QUINQUAGESIMA.

496 491 560 555 Ad
569 488 799 570 complendum.

76 613 213 677 Fideles
229 615 278 677 tui
294 615 378 678 deus
394 633 454 695 per
468 623 527 676 tua
543 611 634 674 dona
657 607 848 671 firmentur:
871 613 909 669 ut
924 605 1044 668 eadem
1063 600 1112 674 let
1134 601 1193 685 [so.
1209 619 1262 680 41.

33 701 253 783 percipiendo
284 701 462 782 requirant.
493 708 527 762 et
557 695 751 778 quaerendo
781 695 853 757 sine
884 691 949 756 fine
980 689 1179 774 percipiant.
1204 710 1265 772 per

35 788 213 850 dominum
231 798 394 851 nostrum.

377 981 576 1045 DOMINICA
602 993 643 1043 IN
670 978 924 1044 SEXAGESIMA.

83 1117 179 1181 Deus
194 1120 251 1200 qui
275 1118 441 1200 conspicis
466 1117 546 1199 quia
570 1138 614 1179 ex
640 1115 733 1178 nulla
760 1124 874 1178 nostra
898 1113 1031 1176 actione
1054 1110 1267 1175 confidimus

39 1206 187 1267 concede
203 1207 367 1288 propitius
385 1216 421 1268 ut
437 1215 554 1267 contra
570 1205 712 1266 aduersa
724 1202 839 1265 omnia
854 1200 1003 1265 doctoris
1019 1201 1174 1281 gentium
1191 1219 1268 1281 pro·

40 1293 189 1354 tectione
205 1293 405 1354 muniamur.
422 1311 488 1373 per.

585 1413 725 1478 Secreta.

87 1516 252 1666 Oglatum
269 1516 330 1580 tibi
346 1518 483 1582 domine
494 1515 692 1580 sacrificium
707 1513 855 1578 uiuificet
865 1534 926 1578 nos
939 1533 1072 1596 semper
1083 1522 1119 1575 et
1130 1513 1268 1576 muniat

45 1623 104 1686 per
144 1622 306 1668 ominum.

565 1714 752 1794 Praefatio.

91 1819 142 1882 (D
154 1828 289 1881 aeterne
300 1819 391 1882 deus.
431 1817 498 1900 Qui
516 1817 750 1881 rationabilem
767 1827 954 1880 creaturam
969 1837 1011 1880 ne
1027 1815 1270 1896 temporalibus

48 1905 164 1967 dedita
180 1906 276 1967 bonis
292 1907 335 1967 ad
360 1907 509 1988 praemia
525 1906 730 1986 sempiterna
746 1924 812 1967 non
830 1904 947 1967 tendat
964 1923 1004 1965 ea
1019 1903 1271 1984 dispensatione

49 1991 197 2072 dignaris
213 1993 351 2053 erudire.
368 2002 405 2054 ut
428 2012 490 2054 nec
512 1992 734 2072 castigatione
749 1989 892 2053 deficiat.
910 2010 970 2053 nec
994 1988 1272 2071 prosperitatibus

51 2077 236 2139 insolescat.
284 2077 352 2141 Sed
369 2078 432 2140 hoc
449 2079 561 2161 potius
577 2077 636 2141 fiat
652 2079 724 2140 eius
739 2077 885 2159 gloriosa
900 2077 1046 2140 deuotio.
1062 2077 1155 2156 quod
1172 2075 1272 2138 nullis

51 2165 311 2227 aduersitatibus
327 2166 447 2227 obruta
463 2175 646 2246 superetur.
661 2185 721 2247 per
736 2165 905 2227 christum.

511 2295 574 2359 Ad
584 2295 812 2378 complendum.

99 2413 277 2497 Supplices
307 2426 341 2479 te
372 2437 528 2498 rogamus
553 2418 767 2498 omnipotens
792 2415 874 2478 deus
899 2425 936 2478 ut
962 2434 1047 2496 quos
1074 2413 1141 2476 tuis
1169 2413 1276 2477 reficis

56 2505 280 2564 sacramentis
297 2503 357 2564 tibi
374 2505 475 2565 etiam
500 2503 631 2584 placitis
649 2505 796 2566 moribus
818 2503 998 2583 dignanter
1013 2502 1181 2563 deseruire
1196 2522 1277 2563 con-

57 2590 163 2651 cedas,
180 2610 239 2670 per
254 2592 438 2653 dominum.

349 2759 547 2823 Doumrcn
572 2774 612 2821 ru
639 2759 978 2842 Quruouaousrua.

105 2878 244 2940 Praeces
267 2891 397 2942 nostras
420 2901 602 2961 quesumus
626 2882 761 2943 domine
783 2880 965 2942 clementer
980 2880 1116 2941 exaudi.
1133 2888 1235 2958 atque
1259 2897 1280 2938 a

61 2979 274 3045 peccatorum
291 2968 432 3029 uinculis
450 2968 622 3030 absolutos
645 2969 688 3030 ab
711 2969 803 3030 omni
827 2987 888 3029 nos
911 2969 1114 3030 aduersitate
1138 2964 1280 3026 custodi.

62 3073 129 3133 per.

604 3167 741 3232 Secreta.

110 3266 204 3330 Haec
221 3268 330 3331 hostia
347 3270 484 3332 domine
507 3290 688 3350 quesumus
713 3271 873 3332 emundet
898 3279 1012 3331 nostra
1035 3267 1167 3331 delicta
1186 3277 1220 3328 et
1238 3266 1282 3327 ad

66 3353 260 3416 sacrificium
291 3356 528 3418 celebrandurn
560 3359 769 3421 subditorum
807 3358 868 3419 tibi
906 3376 1046 3438 corpora
1084 3364 1285 3434 mentesque

67 3440 259 3503 sanctificet.
276 3463 342 3523 per.

583 3556 766 3635 Praefatio.

114 3656 163 3717 (l)
195 3667 330 3718 aeterne
363 3658 453 3720 deus.
500 3659 546 3721 Et
585 3663 794 3723 maiestatem
826 3669 919 3721 tuam
950 3679 1072 3721 cernua
1102 3656 1288 3720 deuotione

71 3762 218 3804 exorare.
235 3753 271 3805 ut
288 3744 460 3806 modulum
478 3755 627 3809 terrenae
647 3746 849 3831 [fragilitatis
866 3748 1029 3828 aspiciens
1045 3764 1112 3806 non
1136 3743 1194 3824 [fo
1210 3762 1289 3822 41v.

72 3830 103 3890 in
122 3830 167 3890 ira
184 3840 241 3890 tua
257 3851 316 3910 pro
332 3843 444 3893 nostra
461 3836 626 3913 prauitate
643 3855 703 3896 nos
719 3855 847 3915 arguas.
863 3837 922 3895 sed
939 3835 1090 3895 inmensa
1106 3830 1290 3893 clementia

73 3926 129 3976 tua
147 3915 306 3996 purifices.
323 3919 453 3980 erudias
470 3921 657 3984 consoleris.
696 3919 855 4002 Quicum
873 3923 943 3983 sine
959 3931 992 3983 te
1008 3919 1088 3981 nihil
1106 3938 1290 3999 possumus

75 4000 179 4063 {arcere
195 4005 285 4083 quod
310 4005 368 4066 tibi
393 4006 435 4067 sit
460 4007 627 4086 placitum.
644 4019 702 4071 tua
718 4009 813 4070 nobis
830 4008 937 4089 gratia
952 4008 1024 4070 sola
1040 4006 1237 4089 praestabit.
1254 4018 1291 4067 ut

74 4087 195 4150 salubri
213 4092 466 4154 conuersatione
482 4094 645 4158 uiuamus
662 4116 721 4176 per
736 4096 905 4158 christum.

534 4231 597 4293 Ad
608 4233 836 4314 corrqilendum.

122 4332 313 4412 Quesumus
329 4334 541 4415 omnipotens
558 4337 640 4398 deus
657 4347 694 4398 ut
717 4338 773 4418 qui
789 4335 946 4399 caelestia
962 4336 1124 4398 alimenta
1140 4334 1293 4417 percepi·

80 4436 152 4479 inus
170 4438 226 4500 per
243 4419 323 4483 haec
340 4433 455 4484 contra
471 4423 585 4484 omnia
601 4426 742 4486 aduersa
766 4425 963 4488 muniamur.
980 4443 1047 4506 per.
