3046 5092
155 841 487 1001 [llllSSllLE
525 849 831 985 ROBERll
872 838 1505 998 GEllllETlCEllSlSl

388 1251 455 1336 [111.
482 1253 572 1317 Inus
596 1253 685 1316 Am.
711 1254 868 1317 Nerate
893 1253 1035 1317 sinen
1058 1252 1267 1317 Gurunncr.
1328 1251 1384 1334 [fo.
1405 1269 1430 1314 1.

274 1388 410 1451 Adiuua
425 1409 486 1451 nos
509 1390 644 1452 domine
660 1390 894 1471 deprecatione
908 1401 1099 1453 sanctorum
1123 1400 1256 1453 tuorum
1280 1399 1313 1453 et
1336 1409 1429 1471 prae-

229 1476 325 1556 cipue
355 1476 452 1538 huius
483 1477 571 1539 beati
603 1477 716 1539 famuli
748 1479 795 1541 tui
826 1478 973 1558 guthlaci
1009 1478 1180 1559 presbiteri
1219 1486 1321 1558 atque
1351 1496 1428 1538 ana·

229 1562 376 1625 choritae
403 1564 636 1625 intercessione
666 1584 846 1645 quesumus
877 1565 920 1626 ab
942 1566 1033 1626 omni
1057 1563 1259 1626 aduersitate
1282 1572 1428 1645 protege.

228 1650 322 1711 cuius
334 1649 433 1711 hodie
443 1650 737 1731 sollempnitateml
750 1651 839 1714 diem
853 1671 928 1713 cum
940 1651 1064 1714 laetitia
1074 1650 1212 1732 spiritali
1224 1669 1429 1712 ueneramur.

229 1746 267 1798 ut
283 1756 424 1817 quorum
441 1735 525 1798 festa
540 1736 685 1817 gerimus
701 1739 884 1801 sentiamus
900 1739 1070 1801 auxilium.
1088 1757 1153 1819 per.

744 1848 911 1932 [Secreta]

274 1951 416 2033 Respice
432 1951 567 2014 domine
579 1953 740 2034 propitius
752 1953 944 2035 superhaec
957 1972 1102 2015 munera.
1112 1972 1199 2034 quae
1210 1973 1271 2034 pro
1280 1954 1430 2016 omniurn

228 2048 419 2101 sanctorum
447 2048 589 2101 tuorum.
619 2048 653 2101 et
679 2041 865 2121 specialiter
888 2060 949 2121 pro
974 2040 1061 2101 beati
1087 2040 1233 2120 guthlaci
1258 2040 1430 2121 presbiteri

228 2135 330 2206 atque
356 2124 567 2188 anachoritae
594 2126 686 2188 cuius
723 2126 823 2189 hodie
853 2127 1043 2189 ueneranda
1072 2137 1123 2189 est
1148 2124 1310 2189 sestiuitas
1341 2146 1431 2189 com-

230 2212 470 2274 memoratione
494 2211 680 2275 delerimus.
697 2223 730 2275 et
745 2234 805 2295 pro
821 2214 941 2275 nostris
956 2211 1195 2275 offensionibus
1211 2212 1430 2275 immolamus.

230 2319 296 2379 per.

738 2385 919 2466 Praesatrir.

276 2488 326 2551 ff>
342 2497 475 2550 aeterne
490 2488 579 2550 deus
618 2488 735 2570 Teque
751 2490 921 2551 maximae
936 2488 1035 2552 hodie
1052 2489 1084 2550 in
1101 2488 1197 2550 huius
1213 2488 1302 2552 beati
1315 2489 1430 2552 famuli

231 2575 278 2637 tui
302 2574 448 2656 guthlaci
480 2575 652 2656 presbiteri
682 2585 716 2638 et
750 2576 963 2639 anachoritae
989 2576 1145 2638 natalicio
1167 2577 1325 2639 uenerari.
1348 2586 1382 2639 et
1398 2576 1431 2638 in

228 2671 363 2723 tuorum
379 2662 528 2723 omnium
538 2672 572 2724 te
587 2661 770 2744 glorificare
783 2662 908 2725 honore
923 2673 1112 2725 sanctorum
1135 2663 1169 2724 in
1185 2663 1431 2744 sempiternum.

228 2749 310 2829 quia
325 2747 507 2811 infirmitati
518 2759 650 2811 nostrae
660 2749 776 2812 talium
787 2759 917 2812 tuorum
932 2747 1053 2823 lilium†
1061 2749 1255 2831 praestitisti
1265 2747 1431 2832 suffragia.

231 2847 268 2898 ut
283 2854 397 2897 eorum
415 2835 705 2899 intercessionibus
720 2837 823 2898 nostri
839 2837 985 2899 misereri
1002 2836 1154 2917 digneris.
1171 2856 1231 2918 per
1245 2837 1413 2899 christum.

664 2946 740 3029 [Ad
758 2947 997 3029 complendum]

276 3045 368 3106 Deus
385 3043 531 3108 fidelium
552 3056 777 3110 remunerator
800 3049 985 3110 animarum
1009 3056 1141 3127 praesta
1163 3057 1200 3109 ut
1224 3046 1312 3109 beati
1335 3048 1433 3128 guth-

231 3131 294 3192 laci
310 3131 482 3212 presbiteri
506 3143 606 3214 atque
628 3133 840 3196 anachoritae
863 3135 956 3195 cuius
978 3133 1202 3195 uenerandam
1225 3133 1432 3196 celebramus

229 3218 521 3299 sollempnitatem.
538 3221 710 3301 praecibus
726 3221 967 3302 indulgentiam
984 3239 1234 3300 consequamur.
1251 3240 1310 3301 per
1324 3220 1433 3282 domi·

229 3324 320 3367 num.

514 3424 698 3507 [²Nnmuu
723 3428 866 3492 Snuc‘rr
890 3425 1149 3508 anwnnnon]

275 3537 369 3599 Deus
382 3536 439 3617 qui
455 3537 590 3601 beatum
606 3539 852 3602 eaduueardum
869 3558 980 3621 regem
997 3537 1171 3619 anglorum
1188 3537 1330 3601 iniustae
1345 3539 1431 3601 occi-

228 3644 305 3685 sum
316 3625 390 3705 piae
402 3622 561 3687 iustificas
570 3634 603 3688 et
613 3627 703 3687 miris
715 3626 818 3708 signis
831 3625 1008 3687 mundanis
1018 3625 1174 3688 declaras.
1189 3626 1280 3696 lcon-
1295 3623 1350 3706 [so.
1367 3643 1391 3687 1.
1401 3649 1430 3690 v.

227 3710 312 3772 cede
330 3710 493 3792 propitius
514 3722 551 3774 ut
565 3712 635 3774 eius
651 3713 740 3793 apud
757 3723 790 3775 te
806 3711 979 3794 praecibus
994 3712 1213 3774 subleuemur.
1231 3711 1324 3774 cuius
1340 3713 1428 3776 diem

228 3796 395 3879 passionis
410 3797 532 3861 deuote
547 3798 760 3862 celebramus.
777 3819 842 3880 per.

760 3909 898 3975 Secreta.

275 4020 416 4084 Munera
432 4031 545 4084 nostra
559 4041 739 4103 quesumus
755 4022 890 4085 domine
907 4023 939 4083 in
956 4021 1081 4083 honore
1095 4021 1201 4084 sancti
1225 4021 1426 4084 eaduueardi

227 4109 386 4189 martyris
396 4110 444 4172 tui
460 4108 573 4170 oblata
589 4108 744 4171 clementi
760 4119 911 4191 respectu
928 4109 1055 4171 intuere
1078 4119 1112 4171 et
1135 4108 1214 4190 ipsis
1238 4128 1298 4170 nos
1315 4119 1427 4173 mente

225 4194 367 4279 purifica
382 4194 502 4277 quibus
518 4194 577 4258 tibi
590 4195 740 4259 debitum
757 4196 955 4260 exhibemus
972 4195 1180 4259 famulatum
1196 4214 1263 4276 per.

458 4370 467 4402 ¹
484 4376 617 4426 Corrected
630 4385 656 4426 to
665 4378 855 4443 sollempnitatis
866 4379 900 4442 by
911 4379 973 4429 later
984 4379 1059 4429 hand.

461 4436 472 4469 ²
489 4442 510 4489 Τ
512 4441 544 4490 he
555 4441 664 4507 heading
674 4443 704 4492 ol
717 4443 759 4493 the
771 4443 899 4508 following
910 4444 1008 4494 massis
1019 4452 1062 4494 not
1074 4443 1165 4508 legible
1177 4442 1204 4491 in
1216 4441 1273 4491 MS.

1235 4523 1299 4571 132
