3046 5092
153 308 203 371 246
316 306 429 357 mssa
454 304 620 369 QUORUM
636 304 851 371 RELIQUIAB
871 304 921 355 m
936 302 1068 357 AECCL
1094 300 1203 355 Com.

604 494 669 561 aa
683 495 909 579 ammam.

201 608 353 693 Sumptis
389 608 526 673 domine
563 607 679 673 salutis
727 618 860 673 nostrae
896 606 1060 671 subsidiis.
1097 606 1145 671 da
1180 622 1361 687 quesumus

155 694 370 760 beatissimae
380 696 434 761 dei
455 696 624 780 genitricis
640 714 839 779 semperque
852 694 990 778 uirginis
1010 693 1144 757 mariae.
1168 711 1232 755 nos
1255 702 1363 775 patro

155 782 252 882 ciniis
266 783 389 883 ubique
404 783 543 867 protegi.
566 783 600 847 in
621 781 714 847 cuius
736 782 950 847 ueneratione
971 782 1055 845 haec
1076 790 1157 844 tuae
1178 778 1361 843 obtulimus

156 878 331 933 maiestati.
347 889 416 952 per.

622 1006 731 1087 Super
742 1006 906 1089 populum.

202 1114 429 1201 Omnipotens
450 1118 673 1202 sempiternae
686 1118 778 1182 deus.
825 1116 896 1181 Nos
912 1116 1054 1181 famulos
1076 1125 1154 1180 tuos
1176 1111 1362 1199 potentiaei

160 1202 256 1279 tuae†
284 1224 305 1267 a
334 1205 462 1269 cunctis
491 1214 631 1288 protege
659 1204 813 1288 periculis
842 1214 877 1269 et
906 1205 1051 1289 gloriosa
1083 1203 1204 1266 beame
1244 1201 1362 1265 mariae

159 1310 292 1373 semper
306 1291 442 1375 uirginis
458 1292 691 1355 intercessione
707 1289 760 1355 sac
775 1312 837 1355 nos
852 1291 1018 1374 praesenti
1033 1289 1180 1373 gaudere
1201 1288 1361 1372 pmsperi-

161 1387 232 1441 tate
246 1387 281 1442 et
296 1377 412 1441 sutura
429 1396 488 1461 per
502 1378 675 1442 dominum
692 1388 851 1442 nostmm.

704 1592 812 1657 Ama

207 1720 421 1785 Famulomm
436 1731 569 1787 tuorum
584 1740 765 1804 quesumus
785 1721 923 1786 domine
936 1720 1066 1784 delictis
1089 1719 1236 1803 ignosce.
1252 1727 1290 1782 ut
1309 1716 1363 1800 qui

161 1805 293 1889 placere
314 1808 375 1873 tibi
397 1809 440 1874 de
462 1809 591 1872 actibus
613 1808 734 1873 nostris
764 1828 831 1872 non
862 1807 1021 1872 ualemus
1043 1807 1215 1891 genitricis
1232 1804 1289 1868 filii
1318 1805 1363 1866 tui

162 1892 290 1958 domini
305 1896 360 1960 dei
375 1896 478 1959 nostri
494 1894 728 1960 intercessione
743 1894 917 1959 saiuemur.
934 1914 1000 1977 per.

697 2070 836 2135 Secreta.

206 2182 280 2247 Tua
302 2183 438 2247 domine
466 2183 702 2267 propitiatione
729 2192 764 2247 et
785 2183 905 2247 beatae
928 2182 1052 2246 mariae
1073 2200 1208 2264 semper
1234 2181 1367 2264 uirginis

163 2269 397 2333 intercessione
412 2270 455 2335 ad
471 2280 665 2355 perpetuam
681 2278 782 2352 atque
796 2278 1005 2354 praesentem
1021 2270 1105 2333 haec
1119 2268 1251 2332 oblatio
1273 2268 1366 2332 nobis

164 2355 315 2440 proficiat
330 2357 593 2441 prosperitatem.
608 2376 668 2441 per
681 2356 864 2421 dominum.

685 2516 864 2596 Praefatio.

209 2627 273 2710 iffi
299 2638 431 2691 aeterne
460 2631 549 2692 deus,
597 2630 642 2692 Et
664 2639 698 2691 te
721 2630 753 2690 in
777 2629 989 2691 ueneratione
1012 2648 1180 2690 sacrarum
1204 2629 1366 2710 uirginum

166 2716 395 2778 exultantibus
426 2718 552 2779 animis
574 2717 716 2779 laudare.
748 2716 950 2778 benedicere.
974 2725 1007 2776 et
1031 2715 1232 2796 praedicare.
1281 2716 1369 2777 Inter

167 2823 249 2883 quas
266 2803 463 2866 intemerata
478 2805 530 2866 dei
547 2805 692 2886 genitrix
709 2804 802 2884 uirgo
827 2803 936 2863 maria.
961 2802 1106 2882 gloriosa
1129 2801 1262 2864 effulsit.
1286 2822 1369 2883 quae

167 2900 201 2952 et
224 2891 430 2972 unigenitum
455 2901 548 2954 tuum
572 2892 676 2953 sancti
701 2890 833 2971 spiritus
856 2888 1111 2951 obumbratione
1142 2890 1308 2971 concepit.
1338 2902 1369 2950 et

168 2977 366 3059 uirginitatis
396 2978 500 3060 gloria
531 2987 753 3059 permanente.
784 2975 860 3038 huic
892 2975 1017 3037 mundo
1048 2985 1221 3038 aeternum
1260 2975 1369 3038 lumen

167 3063 292 3127 effudit.
310 3065 412 3127 iesum
430 3065 587 3127 christum
604 3064 776 3127 dominum
793 3073 951 3125 nostrum.
968 3083 1027 3143 per
1042 3082 1142 3142 quem
1161 3064 1369 3126 maiestatem

167 3160 268 3213 tuam.

614 3279 675 3341 Ad
693 3279 917 3359 complendum.

215 3391 368 3455 Concede
386 3392 567 3453 misericors
586 3392 666 3454 deus
684 3389 878 3472 fragilitate†
902 3401 1034 3453 nostrae
1053 3390 1248 3453 subsidium.
1266 3401 1303 3454 ut
1319 3393 1371 3473 qui

170 3488 303 3540 sanctae
327 3479 379 3539 dei
403 3479 569 3559 genitricis
592 3488 625 3541 et
652 3487 830 3560 perpetuae
861 3478 996 3558 uirginis
1021 3478 1143 3539 mariae
1176 3481 1371 3542 memoriam

170 3564 402 3628 caelebramus
435 3566 676 3628 intercessionis
706 3566 776 3627 eius
807 3564 933 3626 auxilio
963 3565 1373 3645 anostrisiniquitatibus

171 3672 385 3734 resurgamus.
402 3672 461 3733 per
476 3653 656 3715 dominum.

188 3899 304 3960 Missa
328 3895 497 3978 Quorum
522 3898 735 3973 Rquums
760 3911 800 3960 ru
826 3897 1037 3960 Asccnusm
1061 3895 1357 3961 conrmanrrn.

219 4025 372 4091 Concede
395 4046 573 4106 quesumus
603 4026 815 4109 omnipotens
838 4025 928 4088 deus.
951 4033 988 4086 ut
1011 4034 1127 4086 sancta
1149 4023 1204 4086 dei
1228 4026 1373 4107 genitrix

176 4114 287 4176 maria.
319 4114 490 4195 sanctique
520 4114 567 4176 tui
597 4114 748 4196 apostoli.
781 4122 941 4193 martyres
980 4110 1185 4173 confessores
1221 4114 1373 4195 uirgines.

175 4213 274 4281 atque
297 4219 414 4263 omnes
436 4201 541 4262 sancti
556 4221 696 4281 quorum
716 4202 748 4263 in
773 4201 836 4263 ista
850 4209 966 4262 sancta
981 4199 1192 4261 continentur
1214 4201 1374 4263 aecclesia

175 4287 358 4369 patrocinia
374 4307 434 4349 nos
450 4287 572 4367 ubique
587 4289 753 4351 adiuuent.
769 4285 930 4368 quatinis†
945 4286 998 4348 hic
1015 4287 1047 4347 in
1065 4286 1195 4348 iliorum
1209 4288 1372 4368 praesenti

174 4373 331 4456 suffragio
354 4373 531 4455 tranquilla
555 4394 636 4455 pace
659 4375 691 4436 in
715 4384 772 4438 tua
802 4374 899 4436 laude
926 4372 1093 4435 laetemur.
1118 4393 1177 4455 per
1199 4374 1371 4437 dominum

175 4471 333 4524 nostrum.
