3046 5092
479 333 610 385 INDEX
633 334 680 385 011
702 332 935 387 LITURGICAI.
960 332 1093 383 FORMS.

156 483 281 550 Propitius
291 492 346 536 esto
356 485 415 536 dne.

218 554 301 615 suppl.
315 550 441 601 nostriset
453 550 549 617 populi,
564 549 619 615 138.

154 640 236 690 Prosit
247 641 304 691 dne.

218 706 325 767 animae,
339 707 394 769 306.

220 787 244 835 q.
259 772 316 821 dne.
330 774 438 832 animae,
451 782 508 836 305.

155 860 236 910 Prosit
247 861 315 925 plebi
327 872 385 914 1121
395 862 460 923 6.11.,
476 876 530 925 196.

155 951 284 1000 Protector
295 950 321 1000 in
332 959 357 1000 te
368 952 530 1015 sperantium,
546 963 599 1011 124.

155 1041 283 1091 Protector
294 1052 377 1090 noster
387 1043 472 1105 aspice
482 1042 544 1092 deus

220 1118 271 1156 eta
283 1122 445 1170 paganorum,
458 1107 513 1156 268.

220 1181 246 1220 11
258 1176 301 1235 qui
312 1173 444 1231 mulorum,
456 1172 496 1233 67.

155 1261 272 1324 Protegat
282 1261 339 1310 dne.
353 1278 378 1325 q.

221 1335 264 1374 tua
274 1327 385 1385 dextera,
400 1336 453 1390 135.

220 1391 341 1455 populum
353 1401 430 1453 tuum,
442 1401 499 1455 215.

155 1481 271 1545 Protegat
283 1497 329 1531 nos
338 1482 396 1531 dne.

219 1547 244 1595 b.
255 1548 380 1606 Andreae,
394 1558 449 1609 230.

221 1627 277 1660 cum
289 1612 325 1660 tui
336 1612 505 1677 perceptione,
521 1611 574 1674 189.

157 1695 263 1758 Protege
274 1694 331 1743 dne.

222 1759 328 1808 famulos
338 1768 402 1819 tuos,
416 1772 472 1810 201.

222 1824 320 1888 plebem
332 1834 409 1883 tuum,
422 1836 478 1888 235.

223 1890 343 1954 populum
365 1900 434 1939 tuum
454 1899 480 1940 et
496 1890 674 1956 apostolorum,
699 1889 753 1951 186,

221 2037 247 2084 q.
258 1954 443 2083 188ᾗῖ811111
454 2020 597 2081 servientes,
610 2020 666 2071 268.

157 2102 265 2166 Protege

223 2183 268 2215 nos
278 2184 303 2231 q.
317 2168 375 2216 dne.
389 2168 470 2242 gratia
481 2177 532 2226 tun,
545 2167 601 2216 266.

222 2248 248 2296 q.
262 2232 439 2296 benignissime
450 2232 475 2281 d.
489 2232 604 2292 famulos,
617 2232 672 2284 182.

158 2313 266 2362 Puritioa

224 2378 282 2427 dne.
295 2393 320 2442 q.
334 2388 439 2438 mentes,
456 2389 509 2443 135.

225 2459 271 2492 nos
281 2443 338 2493 dne.
371 2480 377 2491 .
391 2454 500 2508 sumpto,
513 2459 536 2505 4

224 2524 271 2558 nos
282 2508 336 2558 mis.
350 2460 375 2558 d.
390 2518 416 2557 ut
428 2510 555 2569 ecclesiae,
569 2507 609 2571 78,
622 2507 661 2560 86.

225 2589 250 2638 q.
264 2574 321 2624 dne.
336 2582 433 2624 tuomm
445 2575 527 2634 corda,
545 2586 598 2638 113.

162 2655 294 2705 Purificent
302 2656 409 2705 nosdne.
422 2671 524 2705 sacram
535 2672 600 2720 quae
607 2654 758 2720 sumpsimus

226 2728 251 2770 et
263 2720 391 2781 famulum,
404 2731 459 2784 253.

226 2795 250 2834 et
262 2785 440 2846 intercedente,
452 2797 508 2835 212.

162 2866 297 2916 Purificent

228 2947 274 2980 nos
284 2947 309 2995 q.
323 2947 347 2981 6.
361 2938 386 2980 11
397 2931 451 2980 mis.
465 2932 503 2990 ‹1.,
517 2944 572 2994 310.

227 3012 253 3060 q.
266 2997 323 3046 dne.
336 2995 451 3055 famulos,
464 3008 521 3060 313.

228 3077 326 3125 semper
336 3069 361 3110 et
372 3061 494 3122 muniant,
510 3074 563 3125 131.

165 3142 281 3192 Putiticet
293 3158 338 3192 nos
349 3159 373 3208 q.
388 3143 445 3193 dne.

229 3217 253 3256 et
265 3207 352 3267 divini,
366 3220 421 3271 312.

229 3273 345 3331 muneris,
361 3285 416 3334 119,
428 3273 484 3334 264

166 3565 321 3628 Quaesumus
332 3566 388 3616 dne.
403 3567 427 3616 d.
441 3575 525 3616 noster
535 3575 561 3617 ut

231 3647 275 3694 per
286 3631 413 3690 vexillum,
426 3642 483 3695 245.

231 3712 294 3759 quos
305 3695 398 3755 divina,
411 3696 467 3745 268.

231 3777 294 3824 quos
301 3761 400 3821 divinis,
416 3774 469 3822 129.

231 3834 396 3886 sacrosancta,
411 3826 465 3886 108,
481 3838 535 3888 142,
551 3826 604 3875 161.

168 3906 323 3970 Quaesumus
334 3907 390 3957 dne.

233 3973 323 4022 nostris
333 3973 432 4038 plaeere
444 3972 596 4033 muneribus,
612 3986 664 4024 112.

232 4053 278 4102 pro
289 4047 333 4086 tuo
344 4038 444 4102 pietate,
458 4051 514 4101 307.

168 4119 200 4182 Q.
215 4120 272 4169 dne.
286 4120 435 4195 salutaribus
446 4121 534 4197 repleti
546 4120 669 4186 mysteriis

232 4186 494 4313 utlpppupspollenma
521 4188 683 4248 celebramus,
709 4197 763 4251 151,

232 4323 259 4363 11
270 4330 375 4379 quorum
392 4314 515 4367 sollennia
530 4316 692 4376 celebramus,
712 4324 767 4377 172,

265 4391 322 4440 212,
335 4392 391 4443 233.

233 4452 261 4493 ut
288 4460 394 4509 quorum
421 4445 605 4498 sollennitatem
632 4444 765 4511 praeimus,

266 4509 323 4573 ²3(t

806 485 964 550 Quaesumus
973 483 1031 534 due.
1044 492 1072 533 ut

869 548 969 599 enimse
979 548 1074 610 famuli,
1085 560 1142 610 299.

870 615 999 664 beatorum
1011 623 1154 678 martyrum,
1170 622 1224 677 175.

807 697 963 761 Quaesumus
973 695 1132 759 omnipotens
1143 695 1205 746 deus

872 760 993 811 1211111211
1005 770 1081 820 tuam,
1094 759 1133 809 80.

871 826 985 875 instituta
995 825 1175 890 providentiae,
1188 836 1244 886 270.

872 906 958 956 preces
969 900 1066 940 nostras
1076 890 1179 954 respice,
1196 902 1248 952 143.

873 964 916 1005 112
927 972 973 1005 nos
984 955 1146 1020 protectione,
1163 965 1216 1018 159.

872 1031 932 1070 1612
942 1020 1074 1070 humilium
1085 1021 1189 1085 respice,
1201 1020 1242 1081 67,
1256 1030 1296 1082 71.

808 1110 964 1173 Quaesumus
975 1126 999 1159 ο.
1012 1110 1038 1159 d.
1052 1117 1078 1159 ut

872 1175 970 1224 animae
981 1175 1137 1233 famulorum,
1151 1185 1207 1237 307.

872 1240 897 1290 b.
912 1240 1033 1298 Andreas,
1047 1238 1103 1288 228.

872 1305 897 1354 b.
912 1305 953 1354 Ill.
967 1305 1102 1370 apostolus,
1115 1315 1171 1367 231.

873 1370 905 1419 de
917 1373 1046 1434 perceptis,
1063 1381 1115 1433 133.

874 1445 899 1484 et
910 1444 1013 1494 reatum,
1025 1434 1080 1484 218.

873 1499 980 1549 famulus
990 1510 1047 1549 tuus
1057 1516 1108 1559 rex,
1122 1512 1177 1561 249.

873 1565 940 1613 illius
950 1566 1071 1625 salutaris,
1085 1564 1126 1628 58,
1140 1567 1179 1628 65,
1195 1564 1247 1614 188.

873 1629 938 1680 inter
949 1630 1001 1679 eius
1013 1631 1132 1686 membra,
1146 1640 1188 1694 75.

873 1710 919 1744 nos
930 1695 1065 1759 geminata,
1080 1694 1132 1756 184.

873 1759 946 1824 plebs
956 1769 999 1809 tua
1010 1768 1072 1820 toto,
1087 1761 1140 1821 167.

874 1823 917 1889 qui
929 1825 1054 1885 caelestia,
1067 1825 1108 1885 60,
1124 1835 1178 1889 155,
1195 1835 1248 1886 174,
1263 1823 1320 1884 218,
1334 1837 1389 1874 222.

874 1905 980 1954 quorum
991 1906 1037 1939 nos
1049 1890 1144 1951 tribuis,
1157 1902 1213 1953 237.

874 1971 937 2019 quos
947 1955 1033 2004 divina
1043 1955 1138 2015 tribuis,
1152 1968 1205 2017 132,
1220 1968 1275 2004 212.

873 2028 1015 2070 sanctorum
1027 2029 1124 2069 tuorum
1135 2021 1292 2081 caelestibus,
1308 2018 1362 2082 178.

809 2102 966 2165 Quaesumus
976 2117 1000 2152 6.
1014 2111 1047 2151 11.
1061 2101 1116 2152 mis.
1127 2102 1152 2152 d.
1166 2110 1193 2152 ut
1204 2117 1275 2166 quos,
1288 2102 1312 2152 6.

810 2183 892 2246 Quam
903 2182 1066 2242 oblationem,
1078 2193 1118 2247 45.

810 2265 1037 2329 Quemadmodum,
1051 2276 1107 2327 301.

809 2346 861 2410 (ἔω
926 2410 932 2422 .

874 2410 980 2468 habitat,
993 2422 1049 2473 291.

876 2477 1006 2535 lazarum,
1020 2488 1075 2539 300.

811 2553 862 2617 Qui
873 2553 953 2619 pridie
964 2569 1039 2617 quam

876 2626 1009 2683 pateretur,
1021 2618 1062 2679 46.

876 2699 923 2748 pro
933 2692 1017 2732 nostra
1028 2683 1149 2743 omnium,
1162 2683 1202 2733 88.

748 2832 753 2840 Ι
813 2760 881 2825 Quid
892 2761 997 2820 voeatis,
1009 2773 1049 2822 99.

813 2843 888 2907 Quod
899 2844 932 2893 de
942 2843 1014 2893 altari
1030 2851 1082 2902 tuo,
1098 2852 1150 2905 179

814 2925 889 2988 Quod
900 2941 943 2974 ore
954 2924 1103 2989 sumpsimus
1114 2924 1171 2974 dne.

878 2999 962 3040 mente
973 2990 1109 3054 sapiamus,
1122 2988 1161 3053 83.

879 3064 962 3105 mente
973 3070 1042 3119 pura,
1053 3054 1094 3116 48.

815 3137 885 3201 Quos
896 3136 997 3187 caelesti

880 3201 937 3251 dne.
956 3201 1085 3260 alimento,
1101 3199 1222 3265 185,186.

880 3267 930 3316 dne
940 3267 1017 3325 dono,
1033 3266 1087 3315 126.

881 3332 937 3381 dne.
952 3331 1093 3390 relectione,
1107 3330 1161 3380 162.

881 3412 976 3446 recreas
986 3412 1097 3455 munere,
1110 3408 1167 3460 256.

816 3476 887 3540 Quos

881 3538 1028 3589 caelestibus
1044 3539 1101 3588 dne.
1117 3555 1221 3599 recreas,
1238 3540 1290 3601 167.

882 3603 987 3654 refecisti
998 3605 1055 3653 dne.
1069 3605 1178 3665 caelesti,
1190 3606 1245 3667 269.

882 3669 995 3733 supernis
1005 3670 1062 3719 dne.
1077 3670 1192 3729 refecisti,
1207 3683 1260 3732 191.

882 3735 958 3784 tantis
969 3735 1025 3784 dne.
1040 3734 1144 3800 largiris,
1159 3745 1197 3799 57.

818 3928 918 3980 Recede
929 3928 1039 3989 diabole,
1051 3940 1092 3992 93.

818 4010 1010 4075 Redemptionis
1021 4018 1121 4061 nostrae
1137 4026 1248 4071 munere,
1264 4010 1317 4061 108.

818 4093 925 4144 Redime
937 4109 977 4144 me
988 4093 1059 4157 deus,
1072 4092 1127 4154 287.

819 4175 916 4226 Releeti
927 4176 985 4225 cibo

883 4249 993 4305 potuque
1004 4239 1113 4299 caelesti,
1130 4238 1184 4300 148,
1201 4249 1255 4304 155,
1269 4251 1325 4288 266.

883 4304 1001 4368 spiritulia
1011 4305 1155 4366 alimoniae,
1167 4317 1221 4366 140.

819 4380 916 4431 Reiecti
926 4381 984 4431 dne.

884 4446 1069 4505 benedictione,
1085 4444 1140 4507 180,
1153 4458 1210 4496 220.

883 4526 949 4576 pane
961 4511 1071 4573 caelesti,
1086 4521 1139 4572 174
