3046 5092
157 336 208 389 230
499 327 551 378 ID.
582 327 667 377 Dec.
697 324 784 376 ΝΑΤ.
815 326 843 376 S.
873 325 1024 377 LUCIAE.

694 474 835 543 Secreta.

204 586 256 651 Sit
284 588 344 651 tibi
375 589 510 651 domine
535 598 667 651 nostrae
699 589 888 652 deuotionis
918 587 1044 652 oblatio
1074 584 1298 669 acceptabilis.
1328 593 1364 646 ut

159 674 260 737 beato
289 676 409 757 byrino
437 675 626 737 confessore
655 685 714 738 tuo
745 675 969 738 intercedente
999 684 1180 755 utrumque
1217 683 1252 736 et
1289 681 1364 735 tuae

158 760 288 842 placeat
304 762 478 825 maiestati.
495 771 529 824 et
545 772 677 825 nostrae
692 761 843 844 proficiat
858 761 965 824 saluti.
981 782 1040 844 per
1054 762 1242 825 dominum.

672 898 849 978 Praefatio.

203 1011 253 1074 G)
270 1021 402 1074 aeterne
417 1010 507 1073 deus.
523 1011 579 1091 qui
595 1009 731 1074 beatum
747 1010 901 1093 byrinum
912 1011 1136 1075 confessorem
1153 1019 1251 1073 tuum
1268 1009 1362 1072 nobis

157 1099 329 1161 doctorem
351 1097 475 1160 donare
496 1098 652 1178 dignatus
677 1119 721 1160 es.
738 1118 796 1179 per
820 1118 918 1178 quem
942 1119 962 1161 a
981 1098 1127 1160 tenebris
1153 1097 1360 1178 ignorantiae

157 1184 294 1248 liberati,
310 1194 442 1261 aeterne
457 1184 538 1247 lucis
565 1183 622 1247 filii
648 1183 716 1247 fieri
733 1186 920 1247 meruimus
966 1183 1033 1267 Qui
1048 1186 1140 1265 quod
1166 1205 1225 1246 ore
1240 1184 1360 1247 docuit

156 1271 315 1354 exemplo
352 1273 558 1334 monstrauit.
612 1270 713 1335 Cuius
753 1273 822 1334 uita
861 1272 1007 1334 moribus
1045 1270 1172 1334 effulsit
1210 1269 1360 1353 egregiis.

156 1367 258 1438 atque
288 1357 453 1421 miraculis
482 1358 600 1420 illuxit.
646 1357 742 1441 Quae
772 1359 873 1421 etiarn
904 1359 1050 1439 antiquis
1084 1357 1176 1421 libris
1207 1357 1360 1439 leguntur

156 1445 322 1526 inscripta.
338 1445 439 1508 etiam
456 1464 544 1506 noua
559 1445 681 1507 cotidie
698 1446 857 1508 iterantur
873 1446 905 1507 in
922 1444 1019 1509 facto.
1066 1445 1170 1509 Cuius
1193 1443 1358 1527 praesenti

155 1528 348 1613 patricini0†
376 1532 570 1612 gaudentes
602 1540 693 1594 tuam
732 1551 831 1614 super
861 1552 921 1594 nos
952 1532 1185 1614 praedicamus
1218 1533 1358 1614 gratiam

154 1618 362 1680 abundanter
377 1617 524 1681 effusam.
541 1639 600 1700 per
614 1618 773 1681 christum
790 1619 962 1681 dominum
980 1628 1140 1682 nostrum.

608 1762 671 1825 Ad
680 1763 906 1845 complendum.

199 1875 369 1956 Mysteriis
397 1874 508 1937 refecti
533 1875 669 1937 domine
684 1876 766 1938 deus
782 1895 962 1956 quesumus
978 1886 1015 1939 ut
1033 1876 1122 1938 beati
1147 1876 1259 1957 byrini
1282 1897 1357 1938 con·

153 1962 285 2026 sessoris
315 1963 362 2025 tui
393 1961 514 2043 ubique
545 1962 778 2024 intercessione
816 1983 876 2025 nos
914 1972 1077 2045 protegas.
1110 1964 1204 2025 cuius
1238 1970 1354 2040 lannua

152 2050 365 2112 ueneratione
376 2047 457 2111 haec
470 2058 547 2111 tuae
559 2048 740 2112 obtulimus
751 2050 988 2133 maiestatiper
997 2050 1182 2113 dominum.
1196 2049 1254 2132 [so.
1272 2052 1354 2114 166v.

205 2280 266 2329 vn.
293 2267 381 2330 loos
406 2266 496 2330 Duc.
520 2264 704 2330 Oct-nunu
732 2265 872 2330 Snncm
898 2266 1088 2328 Ariousia
1114 2266 1313 2330 Arosrou.

197 2398 355 2478 Protegat
370 2417 431 2459 nos
447 2397 583 2460 domine
599 2395 687 2458 beati
710 2395 853 2458 andreae
876 2394 1019 2476 apostoli
1044 2397 1187 2476 repetita
1203 2396 1350 2476 sollemp

153 2484 246 2546 nitas.
264 2495 300 2546 ut
316 2485 407 2546 cuius
431 2483 613 2565 patrocinia
635 2484 705 2543 sine
730 2480 972 2544 intercessione¹
998 2482 1183 2544 recolimus,
1201 2493 1350 2564 perpetua

152 2571 343 2634 defensione
371 2572 559 2632 sentiamus,
577 2591 642 2652 per.

685 2691 822 2753 Secreta.

199 2804 444 2886 Indulgentiam
475 2805 569 2865 nobis
597 2805 731 2865 dominc
757 2803 936 2884 praebcant
962 2803 1042 2862 hacc
1075 2822 1215 2864 munera
1240 2821 1343 2883 quesu-

155 2911 227 2953 mus
253 2891 436 2971 largiorem.
461 2912 547 2971 quae
578 2891 775 2952 uenerabilis
800 2891 943 2952 andreae
970 2888 1135 2970 suffragiis
1167 2890 1341 2951 offeruntur,

154 2999 212 3060 per
227 2980 408 3040 dominum.

608 3098 638 3159 sl
644 3098 670 3159 d
680 3097 905 3177 conzplendum.

200 3210 347 3272 Adiuuet
376 3209 533 3270 familiam
551 3220 641 3270 tuam
667 3210 725 3270 tibi
747 3209 882 3269 domine
906 3207 1125 3289 supplicando
1148 3207 1335 3270 uenerandus

156 3299 294 3359 andreas
311 3297 481 3378 apostolus
504 3306 537 3357 et
562 3299 633 3376 pius
651 3298 855 3357 interuentor
879 3295 1039 3356 efficiatur
1055 3297 1110 3375 qui
1137 3299 1185 3358 tui
1213 3292 1333 3357 nominis

155 3385 266 3447 extitit
284 3386 497 3464 praedicator.
514 3404 580 3464 per.

279 3574 369 3634 luus
397 3571 486 3634 Duc.
510 3572 665 3632 Nurum:
683 3571 858 3634 Sancum
885 3570 1026 3631 Lucina
1054 3569 1238 3632 Ulucium.

201 3701 335 3764 Exaudi
362 3721 421 3763 nos
449 3702 530 3762 deus
555 3699 707 3761 salutaris
735 3711 852 3760 noster.
870 3708 905 3760 ut
933 3699 1016 3760 sicut
1044 3698 1085 3758 dc
1111 3697 1228 3760 beatae
1249 3691 1329 3757 luciae

156 3790 335 3852 festiuitate
359 3788 551 3869 gaudemus.
569 3788 614 3848 ita
638 3787 711 3867 piae
728 3787 914 3848 deuotionis
938 3785 1128 3847 erudiamur
1153 3784 1328 3857 effectius

155 3877 327 3940 dominum
346 3886 502 3937 nostrum.

687 4012 823 4073 Secreta.

199 4124 320 4190 Accta2
348 4126 406 4189 tibi
434 4127 476 4187 sit
503 4126 638 4187 dominc
669 4135 816 4186 sacratae
847 4123 952 4204 plebis
975 4122 1110 4184 oblatio.
1135 4143 1194 4203 pro
1224 4123 1324 4183 tuorum

153 4214 279 4277 honore
295 4223 483 4276 sanctorum
500 4233 638 4294 quorum
665 4232 700 4273 se
729 4212 852 4274 meritis
877 4211 1062 4292 percepisse
1079 4210 1121 4270 de
1144 4205 1325 4271 tribulatione

152 4303 324 4384 cognoscit
339 4301 510 4364 auxilium.
527 4321 592 4381 per.

576 4439 584 4471 ¹
603 4443 652 4491 For
664 4443 854 4491 internu'ssione.

574 4505 585 4538 ¹
602 4508 637 4559 So
650 4507 706 4558 MS.
721 4508 758 4557 for
769 4515 871 4571 accepta.
