950 1431
781 84 791 96 ,ι

176 153 201 166 27³
344 151 372 163 AD
383 150 484 163 cmmcmv
492 150 611 165 FACIBNDUM:

180 189 206 205 Ne
214 189 284 205 reatum¹
292 188 358 205 lauacro
366 189 433 205 salutari
443 193 487 205 mors
497 189 571 205 secunda
581 188 671 210 possideat.
694 189 735 206 Tibi

178 211 246 227 domine
259 211 342 231 supplices
355 215 427 231 praeces.
441 209 471 226 tibi
486 210 543 226 fletum
557 211 612 226 cordis
623 210 732 228 effundimus.
768 217 778 228 u

179 237 228 253 parce
239 232 330 248 confitenti.
338 235 356 248 ut
364 232 387 248 sic
398 233 414 248 in
426 232 457 248 hac
469 232 571 248 mortalitate
582 235 652 253 peecata
662 237 695 248 sua
706 235 725 249 te
736 233 781 250 adiu·

178 256 229 270 nante
237 254 301 270 defleat.
310 253 380 274 qualiter
388 254 404 269 in
412 254 493 269 tremendi
506 254 561 270 iudicii
573 254 600 270 die
610 254 713 270 sententiam
722 255 778 276 damp-

179 276 251 292 nationis
259 279 336 291 aeternae
345 276 410 291 euadat.
418 278 435 291 et
443 276 505 291 nesciat
513 275 558 296 quod
566 278 616 291 terret
624 275 641 291 in
650 276 728 292 tenebris
736 277 779 297 quod

178 297 237 313 stridet
252 297 268 313 in
288 297 363 313 flammis.
394 297 451 317 Atque
465 297 487 313 ab
502 297 560 313 erroris
576 297 603 313 uia
617 298 639 313 ad
658 297 691 313 iter
706 303 779 314 reuersus

179 319 255 335 iustitiae
284 319 394 339 Nequaquam
404 319 448 334 ultra
459 319 554 335 uulneribus
562 319 649 335 saucietur.
657 320 688 335 sed
697 320 778 341 integrum

178 341 200 357 sit
213 341 228 357 ei
243 343 294 361 atque
306 343 404 361 perpetuum
417 343 434 356 et
447 340 492 361 quod
505 340 559 361 gratia
572 343 601 356 tua
615 341 691 357 contulit.
705 345 723 357 et
736 343 779 362 quod

179 362 291 378 misericordia
299 362 399 378 reformauit.
407 367 440 383 per.

237 420 267 436 AD
279 419 439 438 Reconcxunxm
451 420 580 435 Pomm-Etrus
592 423 618 435 AD
630 419 721 436 Moa'rssm.

201 455 246 470 Deus
255 454 350 470 misericors.
358 454 399 470 deus
408 453 487 474 clemens]
495 453 523 474 qui
532 454 623 469 secundum
633 454 689 470 multi·
695 454 725 475 [Γο.
735 455 778 474 196v.

177 477 253 493 tudinem
266 476 390 491 miserationum
403 478 469 491 tuarum
483 478 551 496 peccata
565 476 687 496 poenitentium
701 476 752 492 deles.
762 480 778 493 et

178 498 304 519 praeteritorum
309 497 396 513 criminum
404 497 462 518 culpas
467 497 515 513 uenia
524 497 625 513 remissionis
631 502 707 513 euacuas.
716 498 778 519 respice

177 525 227 540 super
238 520 281 535 hunc
296 519 376 535 sai-nulum
392 521 443 535 tuum.
455 519 478 535 ill.
493 521 510 534 et
526 519 640 534 remissionem
656 519 687 535 sibi
703 520 777 536 omnium

178 544 283 563 peccatorum
296 546 363 557 suorum
375 543 411 556 tota
422 540 476 556 cordis
487 540 591 556 confessione
603 544 701 561 poscentem
713 542 777 557 exaudi

178 564 248 579 Renoua
262 563 277 578 in
292 568 312 578 eo
326 562 399 583 piissime
413 564 461 583 pater
472 562 551 582 quicquid
564 565 628 578 terrena
642 562 733 583 fragilitate
744 568 777 579 mr-

178 588 250 605 ruptum.
263 584 289 600 uel
302 584 379 605 quicquid
395 584 478 599 diabolica
492 583 550 599 fraude
563 584 643 600 uiolatum
656 586 686 600 est
700 584 777 601 Miserere

176 607 245 622 domine
264 605 358 627 gemitum.†
377 606 453 621 miserere
472 606 581 621 lacrimarum.
600 608 616 621 et
632 610 666 622 nun
687 606 775 622 habentem

178 628 259 644 fiduciam.
273 628 303 643 nisi
318 628 334 643 in
348 630 377 643 tua
386 627 498 643 misericordia
511 627 533 643 ad
546 630 669 643 sacramentum
684 628 776 644 reconcilia-

177 650 227 666 tionis
235 649 309 665 admitte.
317 652 334 665 et
342 649 358 665 in
366 650 430 665 unitate
438 649 511 669 corporis
519 649 608 665 aecclesiae
616 652 656 665 tuae
664 650 775 666 membrorum

177 672 250 692 perfecta
258 671 354 687 remissione
362 671 443 687 restituae.
450 676 483 691 per.

452 704 497 719 Alia.

199 732 304 748 Maiestatem
313 734 359 748 tuarn
367 731 451 752 supplices
458 732 582 752 depraecamur.
588 734 606 747 ut
614 731 667 750 hunc?
673 732 737 749 famulo
744 735 773 749 tuo.

175 755 199 770 ill.
217 754 267 774 longo
283 753 359 774 squalore
378 753 490 774 poeuitentiae
506 756 589 769 macerato
608 754 721 770 miserationis
739 757 773 770 tuae

176 776 242 792 ueniam
256 775 323 796 largirei*
331 775 407 796 digneris.
419 778 437 791 ut
451 775 521 795 nuptiali
534 778 580 791 ueste
592 778 658 796 recepta
670 776 692 791 ad
705 776 771 797 regalem

176 803 251 814 mensam
259 798 303 813 unde
311 797 373 813 eiectus
381 797 434 812 suerat
442 799 524 812 mereatur
532 797 603 812 introire.
612 802 645 817 per,

338 851 368 866 An
380 850 479 866 CLr-:Rlcum
493 850 611 866 FACOENDUM.

197 885 269 901 Oremus
296 885 398 901 dilectissimi
422 884 484 900 fratres.
507 885 593 900 dominum
621 887 697 901 nostrum
724 886 770 901 iesum

175 907 255 923 christum
264 912 294 927 pro
305 907 337 922 hoc
348 906 411 922 famulo
423 911 457 922 suo,
470 906 493 922 ill,
504 907 532 927 qui
544 907 565 922 ad
578 907 698 927 deponendam
711 911 770 923 tomam

175 929 234 950 capitis
243 929 267 944 sui
276 934 306 949 pro
314 929 349 944 eius
357 933 413 944 amore
422 928 492 944 festinat.
501 931 519 944 ut
527 928 578 944 donet
587 929 601 944 ei
613 929 690 949 spirirum
700 932 769 945 sanctum

174 951 203 971 qui
215 950 290 966 habitum
303 950 387 970 religionis
401 950 417 965 in
427 955 447 965 eo
459 953 549 970 perpetuae
562 953 653 966 conseruet.
666 953 684 966 et
696 956 706 966 a
719 949 770 966 mundi

175 973 290 993 inpedimento
302 972 328 987 uel
340 971 419 987 saeculari
433 972 516 987 desiderio
527 977 556 987 cor
566 972 601 987 eius
614 971 694 988 defendat
703 975 721 988 ut
734 973 769 988 sicut

176 994 274 1010 immutatur
285 994 301 1009 in
310 993 360 1009 uultu.
370 994 392 1009 ita
405 998 463 1009 manus
471 993 551 1009 dexterae
562 993 598 1009 eius
609 994 624 1009 ei
636 994 704 1010 uirtutis
715 994 769 1010 tribuat

175 1016 280 1032 incrementa.
294 1018 310 1031 et
324 1015 345 1031 ab
357 1015 403 1031 omni
416 1015 496 1030 caecitate
508 1015 581 1031 humana
594 1015 651 1031 oculos
665 1016 701 1031 eius
713 1016 768 1037 aperiat

175 1040 199 1058 set
207 1038 263 1053 lumen
271 1038 285 1053 ei
294 1040 371 1053 aeternae
379 1037 442 1057 gratiae
449 1037 534 1053 concedat.
543 1037 571 1057 qui
579 1037 625 1053 uiuit.
704 1037 732 1059 [so.
743 1041 768 1057 197.

452 1071 468 1087 A
470 1071 498 1087 lia.

196 1100 262 1115 Adesto
278 1099 345 1115 domine
361 1099 510 1120 supplicationibus
525 1099 586 1115 nostris
602 1101 620 1115 et.
635 1099 679 1115 hunc
696 1100 767 1116 famulum

174 1124 221 1137 tuum
230 1121 327 1137 benedicere
334 1121 402 1141 dignare
410 1121 455 1137 cum¹
460 1123 490 1136 tuo
496 1124 554 1137 sancto
561 1121 628 1136 nomine
636 1121 714 1137 habitum
722 1120 768 1137 sacra?

174 1143 258 1164 religionis
274 1143 379 1163 imponimus.
392 1145 410 1158 ut
425 1145 442 1158 te
457 1142 538 1163 largiente
550 1145 567 1158 et
579 1143 651 1158 deuotus
666 1143 684 1159 in
697 1143 768 1160 aecclesia

173 1165 264 1186 persistere
272 1167 289 1180 et
297 1165 349 1180 uitam
358 1164 442 1185 percipere
450 1164 552 1183 mereamur†
559 1167 650 1180 aeternam.
658 1170 692 1186 per.

239 1200 243 1208 ¹
252 1201 270 1214 So
276 1201 305 1214 MS.
312 1201 331 1213 ior
336 1203 399 1213 nstramus.
564 1200 570 1209 ¹
578 1201 596 1214 So
602 1200 631 1214 MS.
638 1200 658 1214 for
663 1201 686 1214 cm*
691 1201 710 1214 1⁴-
