3046 5092
460 324 511 375 IN
533 323 665 375 ANNIU.
697 324 788 375 DEI).
818 324 1028 376 BASILICAE.
1308 335 1357 388 239

245 506 364 571 Missa
387 519 428 570 ru
453 508 752 573 Asmuuusnmo
776 508 1052 573 Danrcxrrours
1076 508 1283 573 anrurcna

201 618 294 682 Deus
309 620 366 700 qui
382 617 460 694 n0s†
475 640 533 701 per
548 619 695 702 singulos
715 640 823 684 annos
845 620 942 685 huius
960 620 1066 684 sancti
1082 620 1199 703 templi
1215 619 1263 682 tui
1279 638 1358 682 con·

156 707 349 769 sectationis
365 727 498 789 reparas
514 707 611 770 diem.
628 718 662 770 et
685 708 785 770 sacris
801 728 932 790 semper
948 709 1113 790 mysteriis
1130 715 1357 789 repraesentas

156 792 348 856 incolumes.
363 793 487 857 exaudi
513 814 647 876 praeces
671 795 784 877 populi
801 796 857 858 tui.
874 805 908 857 et
930 805 1062 880 praesta
1078 804 1115 858 ut
1129 794 1278 875 quisquis
1293 791 1357 855 hoc

156 880 321 962 templum
353 879 512 943 beneficia
539 881 701 963 petiturus
729 882 920 963 ingreditur.
944 892 1064 947 cuncta
1094 902 1130 945 se
1160 882 1357 963 impetrasse

158 966 306 1030 laetetur.
322 987 389 1049 per.

687 1068 825 1134 Secreta.

201 1155 327 1220 Annue
356 1177 536 1238 quesumus
566 1157 701 1219 domine
731 1157 903 1239 praecibus
941 1158 1061 1220 nostris
1091 1166 1128 1220 ut
1158 1158 1357 1238 quicumque

161 1244 247 1306 intra
270 1244 385 1326 templi
411 1243 507 1307 huius
523 1245 614 1307 cuius
630 1245 889 1306 anniuersarium
907 1245 1124 1308 dedicationis
1140 1244 1228 1307 diem
1253 1242 1358 1305 caele·

161 1331 295 1394 bramus
317 1330 481 1394 ambitum
504 1333 720 1394 continemur.
737 1331 836 1413 plena
852 1330 911 1394 tibi
928 1341 1027 1413 atque
1043 1331 1188 1413 perfecta
1211 1330 1357 1411 corporis

159 1426 194 1479 et
220 1419 352 1480 animae
376 1418 554 1481 deuotione
578 1417 775 1499 placeamus.
797 1429 834 1481 ut
855 1419 934 1481 dum
959 1418 1040 1480 haec
1065 1418 1252 1500 praesentia
1279 1425 1358 1479 uota

159 1504 337 1568 reddimus.
347 1505 390 1566 ad
407 1515 542 1566 aeterna
558 1504 704 1585 praemia
720 1514 753 1567 te
769 1505 948 1567 adiuuante
963 1506 1074 1567 uenire
1090 1523 1283 1567 mereamur.
1301 1522 1360 1583 per

157 1590 330 1654 dominum
347 1601 506 1655 nostrum.

671 1693 852 1774 Praefatio.

204 1793 254 1856 (θ
286 1802 419 1855 aeterne
441 1794 532 1855 deus
578 1794 642 1855 Pro
664 1813 775 1856 annua
797 1794 1006 1856 dedicatione
1029 1792 1232 1856 tabernaculi
1263 1792 1359 1855 huius

159 1878 320 1941 honorem
344 1880 405 1941 tibi
427 1881 616 1961 gratiasque
640 1879 730 1942 serre.
746 1901 805 1961 per
827 1880 986 1942 christum
1002 1881 1174 1942 dominum
1200 1890 1359 1942 nostrum.

161 1964 264 2029 Cuius
294 1967 397 2028 uirtus
428 1986 559 2048 magna.
590 1968 697 2048 pietas
733 1968 876 2048 copiosa.
923 1967 1064 2049 Respice
1100 1985 1279 2047 quesumus
1317 1967 1360 2029 de

161 2052 263 2115 caelo.
279 2061 313 2114 et
328 2053 404 2115 uide
419 2062 454 2115 et
468 2054 567 2116 uisita
582 2053 720 2115 domum
746 2054 851 2116 istam.
869 2062 906 2116 ut
921 2055 948 2115 si
964 2054 1037 2134 quis
1053 2055 1085 2115 in
1102 2074 1143 2116 eo
1159 2053 1284 2115 nomini
1301 2062 1360 2116 tuo

160 2138 365 2221 supplicatus
388 2139 492 2202 suerit.
508 2140 648 2203 libenter
669 2141 839 2202 exaudias.
855 2153 889 2202 ct
910 2139 1187 2204 satisfacientibus
1202 2139 1360 2203 clement·

161 2233 213 2288 ter
235 2225 394 2306 ignoscas.
418 2225 471 2288 hic
498 2225 558 2289 tibi
583 2228 770 2289 sacerdotes
794 2228 842 2289 tui
867 2226 1062 2289 sacrificium
1087 2227 1193 2289 laudis
1218 2226 1360 2290 offerant
1448 2244 1451 2253 ·

161 2311 214 2374 hic
230 2310 337 2375 fidelis
350 2312 492 2394 populus
507 2326 586 2376 uota
602 2314 777 2394 persoluat.
792 2313 845 2375 hic
868 2324 1079 2395 peccatorum
1096 2313 1219 2376 honera
1235 2315 1360 2395 depon-

161 2408 268 2461 antur.
303 2399 368 2462 Hic
380 2397 461 2462 fides
471 2410 586 2462 sancta
596 2398 806 2474 stabilieturi
816 2399 884 2483 [hic
895 2402 964 2482 ipse
975 2401 1059 2463 inter
1070 2400 1193 2462 bonum
1204 2399 1260 2482 [s0.
1271 2415 1360 2478 172v.

163 2484 354 2566 malumque
369 2487 545 2549 discernas.
561 2507 637 2569 cum
653 2507 786 2549 causam
805 2486 1032 2568 interpellatus
1047 2488 1242 2549 iudicaueris
1258 2506 1359 2567 quam

162 2590 229 2635 non
253 2573 392 2653 ignoras
440 2574 506 2635 Hic
527 2574 633 2655 pietas
656 2573 808 2636 absoluta
833 2575 953 2637 redeat.
970 2573 1047 2635 hinc
1070 2574 1225 2655 iniquitas
1249 2593 1361 2635 emen·

162 2657 243 2721 data
279 2659 436 2723 discedat.
484 2660 637 2723 Inueniat
676 2661 765 2742 apud
805 2662 849 2722 te¹
888 2661 997 2723 locum
1029 2661 1132 2722 uenie.
1163 2660 1362 2741 quicumque

163 2744 369 2807 satisfaciens
393 2746 456 2809 huc
481 2748 652 2809 aduenerit
676 2756 710 2809 et
734 2748 867 2809 conscio
893 2747 1007 2809 dolore
1031 2747 1144 2808 uictus.
1162 2747 1278 2808 altaria
1305 2756 1362 2808 tua

164 2832 241 2894 riuis
259 2851 392 2895 suarum
417 2834 553 2896 elauerit
576 2834 793 2897 lacrimarum.
841 2834 906 2895 Hic
930 2835 956 2895 si
979 2834 1114 2914 quando
1129 2833 1270 2916 populus
1287 2842 1362 2895 tuus

163 2918 266 2981 tristis
304 2929 493 3001 mestusque
530 2921 729 2984 conuenerit.
774 2921 950 3001 adquiesce
988 2941 1112 3003 rogare.
1150 2931 1184 2983 et
1228 2930 1363 3001 rogatus

162 3004 306 3087 indulge.
322 3015 356 3070 et
371 3007 455 3070 ideo.

618 3118 680 3181 Ad
690 3117 914 3199 conplendum.

209 3213 302 3277 Deus
317 3216 372 3296 qui
388 3216 562 3279 ecclesiam
578 3226 670 3280 tuam
686 3237 843 3300 sponsam
860 3236 979 3280 uocare
993 3217 1150 3298 dignatus
1166 3237 1209 3278 es.
1226 3227 1262 3278 ut
1277 3236 1363 3297 quae

165 3299 303 3364 haberet
317 3303 458 3384 gratiam
475 3324 533 3384 per
549 3302 625 3366 fidei
641 3305 862 3366 deuotionem.
879 3304 1014 3367 haberet
1037 3305 1137 3365 etiam
1160 3324 1204 3365 ex
1229 3304 1382 3367 nomine·

167 3388 334 3469 pietatem.
359 3390 403 3451 da
429 3400 467 3452 ut
490 3393 619 3452 omnes²
635 3390 716 3453 haec
743 3390 836 3473 plebs
861 3391 986 3452 nomini
1012 3399 1069 3452 tuo
1093 3391 1249 3452 seruiens.
1265 3390 1361 3452 huius

167 3473 319 3537 uocabuli
335 3477 501 3539 consortio
513 3478 616 3558 digna
630 3497 701 3540 esse
719 3488 890 3540 mereatur.
905 3488 939 3539 et
955 3477 1092 3539 ecclesia
1109 3486 1166 3539 tua
1182 3478 1214 3538 in
1236 3478 1363 3559 templo

167 3561 257 3624 cuius
273 3562 514 3625 anniuersarias
529 3564 746 3626 dedicationis
769 3565 839 3626 dies
863 3564 1074 3626 caelebratur.
1092 3563 1150 3625 tibi
1167 3564 1313 3625 collecta.
1331 3573 1364 3626 te

167 3646 289 3710 timeat
312 3657 346 3711 te
368 3648 495 3732 diligat.
523 3660 556 3712 te
578 3661 741 3732 sequatur.
765 3661 802 3713 ut
817 3652 896 3712 dum
921 3651 1039 3732 iugiter
1061 3670 1120 3731 per
1145 3651 1285 3731 uestigia
1308 3659 1366 3712 tua

168 3734 322 3814 graditur.
346 3736 388 3797 ad
412 3736 566 3800 caelestia
591 3739 755 3819 promissa
774 3748 808 3800 te
832 3739 974 3800 ducente
997 3736 1168 3818 peruenire
1192 3747 1357 3799 mereatur

168 3837 221 3900 qur
237 3840 330 3884 uiuis

626 3936 734 4018 Super
746 3937 909 4018 populum.

211 4032 303 4095 Deus
319 4034 376 4113 qui
392 4035 435 4096 de
450 4034 534 4098 uiuis
549 4044 584 4098 et
598 4035 712 4098 electis
735 4036 899 4117 lapidibus
915 4046 1084 4098 aeternum
1109 4033 1274 4097 maiestati
1290 4042 1367 4096 tuae

171 4118 284 4182 condis
298 4119 532 4184 habitaculum.
543 4122 704 4185 auxiliare
718 4123 843 4204 populo
859 4122 1064 4204 supplicanti.
1077 4132 1114 4184 ut
1123 4122 1212 4201 quod
1228 4120 1367 4183 ecclesia

170 4212 225 4268 tua
249 4206 474 4289 corporalibus
505 4207 635 4289 proficit
654 4210 779 4291 spatiis.
805 4208 1007 4291 spiritalibus
1038 4207 1257 4289 amplificetur
1286 4226 1367 4289 aug-

172 4294 297 4358 mentis.
314 4313 374 4375 per
388 4295 570 4358 dominum.

328 4419 339 4454 ¹
356 4425 467 4475 Domine
476 4426 561 4477 added
615 4426 721 4477 another
730 4426 808 4476 hand.

330 4485 343 4520 ¹
359 4488 396 4541 so
406 4490 465 4541 Ms.
479 4491 585 4557 original
595 4508 611 4557 y
622 4508 630 4551 ;
646 4492 690 4542 the
702 4492 771 4542 word
782 4492 828 4542 bas
837 4492 902 4542 been
913 4490 1040 4541 corrected
1050 4498 1077 4541 to
1087 4492 1177 4541 omnis.
