3046 5092
510 352 667 401 NATALE
692 354 718 400 S.
748 351 958 400 KOENELMI.
1320 362 1334 413 7

132 504 278 587 capitolii
301 505 531 569 celsitudinem
554 506 705 587 optinere
727 505 917 586 promeruit.
966 506 1004 568 ln
1028 504 1120 567 cuius
1143 504 1333 586 sollempni-

133 593 212 655 tatis
221 591 391 674 triumpho
401 591 527 675 [annua
536 592 612 674 piae
622 592 810 655 deuotionis
820 602 952 654 nostrae
962 601 1041 655 uota
1057 611 1227 654 recenseri·
1238 591 1293 673 [fo.
1304 611 1333 669 4.

131 690 189 742 tes.
206 699 370 742 consonas
393 679 558 742 maiestati
581 688 658 742 tuae
681 679 900 760 persoluimus
924 678 1045 741 laudes.
1069 679 1225 760 quatinus
1249 678 1334 740 illius

134 766 306 848 praecibus
350 765 505 829 caelestia
542 785 679 829 munera
723 766 901 846 capiamus.
940 765 1108 847 iunctique
1145 775 1333 828 sanctorum

134 853 283 916 coetibus
299 853 331 914 in
349 863 545 934 perpetuum
562 852 772 915 conletemur.
790 872 848 933 per
864 851 1031 915 christum.

589 986 651 1048 Ad
661 987 886 1068 complendum.

180 1098 341 1179 Percipiat
372 1119 551 1180 quesumus
581 1100 716 1162 domine
746 1099 839 1180 plebs
874 1109 932 1163 tua
969 1100 1057 1163 beati
1097 1100 1250 1181 martyris
1280 1101 1328 1162 tui

135 1184 300 1247 koenelmi
316 1186 471 1249 natalicia
482 1185 680 1249 celebrando
691 1206 767 1248 cum
779 1187 987 1249 exultatione
1000 1187 1169 1250 laetitiam.
1179 1197 1212 1250 et
1227 1207 1328 1269 quam

47 1294 57 1308 ·
133 1270 284 1334 caelestis
307 1292 421 1335 mense
443 1273 583 1336 refecisti
610 1272 720 1336 edulio
744 1274 948 1336 aeternitatis
975 1283 1052 1336 tuae
1076 1273 1176 1336 facias
1200 1273 1330 1336 abscisi¹

133 1359 308 1422 consortio.
324 1380 389 1440 per.

690 1464 780 1526 Alia.

179 1574 301 1638 Tribue
317 1575 462 1638 clemens
477 1587 511 1639 et
528 1577 709 1638 misericors
725 1576 807 1639 deus
830 1577 862 1639 in
886 1576 975 1638 beati
999 1575 1093 1639 testis
1116 1576 1162 1638 tui
1188 1575 1331 1637 kenelmi

133 1661 314 1726 sestiuitate
351 1661 503 1726 fidelibus
540 1663 678 1745 populis.
713 1683 811 1745 opem
850 1663 965 1726 salutis
995 1671 1135 1725 aeterne.
1196 1662 1333 1744 Nosque

134 1747 276 1811 famulos
300 1759 374 1811 tuos
397 1749 548 1832 peruigili
571 1749 701 1812 custodi
724 1749 937 1831 protectione.
961 1759 998 1812 ut
1021 1750 1076 1830 qui
1101 1759 1134 1812 te
1156 1749 1234 1812 totis
1257 1770 1332 1812 sen·
1376 1754 1377 1758 ’

133 1834 225 1898 sibus
239 1834 443 1899 confitemur.
460 1836 551 1900 nulla
567 1836 689 1899 inimici
705 1835 820 1899 fraude
835 1837 1012 1918 capiamur.
1029 1856 1088 1917 per
1102 1837 1284 1899 dominum.

160 4282 324 4409 [zblpnll‘allter
345 4281 439 4346 partos
453 4283 496 4331 the
517 4290 584 4332 recto
595 4281 624 4330 ol
637 4281 669 4331 lo.
683 4296 709 4343 4,
722 4282 764 4332 the
782 4298 853 4332 verso
869 4283 898 4332 of
912 4281 948 4331 lo.
965 4298 990 4342 4,
1009 4282 1059 4331 and
1078 4281 1120 4330 the
1138 4242 1206 4331 recto
1223 4280 1250 4329 ol
1265 4280 1277 4329 s
1291 4318 1297 4329 .
1319 4291 1333 4345 5

128 4366 175 4399 are
266 4382 273 4398 .

524 4504 532 4537 ¹
550 4508 585 4558 So
597 4510 666 4568 MS.,
679 4511 799 4573 probably
811 4509 848 4559 lor
858 4512 958 4559 acisciri.
