3046 5092
499 372 611 423 MISSA
634 371 708 423 PRO
728 369 1022 422 SACERDOTIBUS.
1311 380 1361 433 313

160 524 391 590 habundantia
414 524 610 608 repleantur.
634 524 864 590 discordantes
894 525 928 588 in
958 524 1137 588 fraternam
1168 542 1285 606 pacem
1310 544 1358 586 re·

159 622 326 677 nocentur.
342 611 490 676 defuncti
506 613 609 676 nostri
623 613 768 694 requiem
784 621 1030 693 consequantur
1055 620 1088 674 et
1112 630 1228 673 omnes
1243 608 1358 674 fideles

160 701 208 765 tui
224 701 328 764 uitam
345 708 539 782 perpetuam
556 698 694 781 adipisci
711 709 907 763 mereantur.
922 718 981 781 per
991 699 1173 761 dominum.

705 900 813 964 Amr.

162 1058 165 1062 ³
203 1026 343 1111 Suscipe
358 1029 614 1092 clementissime
629 1039 723 1112 pater
737 1049 918 1111 quesumus
934 1030 1067 1093 domine
1090 1029 1150 1091 has
1173 1028 1358 1092 oblationes

159 1134 243 1197 quas
258 1136 322 1197 ego
337 1126 497 1197 peccator.
514 1136 691 1198 praesumo
707 1115 824 1179 offerre
840 1117 872 1178 in
888 1116 1013 1179 honore
1026 1117 1151 1179 domini
1168 1116 1271 1178 nostri
1288 1116 1356 1177 iesu

159 1202 271 1265 christi
298 1213 332 1266 et
357 1203 390 1265 in
415 1204 741 1265 commemoratione.
758 1203 949 1266 beatissime
974 1204 1026 1267 dei
1051 1203 1218 1285 genitricis
1235 1202 1357 1264 mariae

157 1290 375 1371 omniumque
401 1289 592 1353 caelestium
617 1290 786 1353 uirtutum.
812 1289 1080 1372 patriarcharum.
1111 1290 1356 1372 prophetarum.

159 1375 395 1458 apostolorum.
424 1387 616 1457 martyrum.
644 1377 878 1439 confessomm.
907 1397 945 1439 ac
969 1377 1143 1458 uirginum.
1169 1397 1228 1459 per
1257 1376 1356 1438 inter·

158 1464 342 1526 cessionem
370 1483 493 1526 eorum.
518 1483 578 1544 pro
601 1484 683 1545 pace
706 1472 739 1526 et
761 1464 903 1526 sanitate
926 1464 1132 1546 populorum.
1148 1472 1182 1526 et
1197 1461 1356 1525 fructibus

157 1559 264 1612 terrae
294 1559 327 1612 et
356 1549 536 1613 stabilitate
565 1549 751 1613 aecclesiae.
789 1558 823 1613 et
859 1549 975 1612 ordine
1005 1561 1202 1613 sanctorum.
1233 1559 1267 1611 et
1296 1569 1356 1630 pro

158 1637 303 1700 sanitate
318 1638 404 1719 regis
426 1646 460 1699 et
476 1637 622 1719 episcopi
639 1637 750 1699 nostri.
767 1647 800 1700 et
816 1658 877 1719 pro
893 1657 946 1699 me
963 1638 1083 1699 misero
1098 1637 1223 1698 famulo
1239 1646 1305 1698 tuo.
1322 1645 1356 1698 et

156 1743 220 1806 pro
244 1724 398 1786 omnibus
423 1723 613 1786 uiuentibus
641 1722 781 1788 famulis.
805 1744 844 1787 ac
870 1724 1058 1787 famulabus
1082 1724 1147 1786 tuis
1173 1734 1274 1804 atque
1298 1723 1355 1785 de-

156 1808 278 1873 functis
295 1809 446 1873 fidelibus
461 1811 536 1873 tuis.
553 1812 609 1890 qui
626 1810 706 1873 mihi
722 1820 857 1893 propter
871 1831 993 1873 nomen
1010 1821 1103 1873 tuum
1116 1811 1251 1874 domine
1267 1809 1356 1871 bona

157 1896 307 1959 fecerunt
329 1905 363 1959 et
388 1897 467 1958 mihi
493 1898 525 1958 in
553 1907 612 1960 tuo
635 1898 769 1959 nomine
793 1896 933 1961 confessi
950 1896 1089 1960 fuerunt.
1106 1898 1268 1979 propitius
1283 1904 1355 1958 esto

160 1983 258 2046 nobis
284 1984 419 2046 domine
446 1993 580 2046 sanctae
606 1994 701 2065 pater
723 1984 937 2066 omnipotens
960 1994 1094 2046 aeterne
1118 1984 1209 2045 deus.
1222 1993 1256 2046 et
1279 1992 1357 2044 ante

155 2081 372 2153 conspectum
390 2071 571 2133 maiestatis
587 2080 665 2133 tuae
680 2069 731 2133 fac
747 2091 808 2133 nos
823 2072 1008 2152 gaudentes
1024 2070 1202 2153 peruenire.
1220 2090 1286 2152 per.

691 2206 828 2271 Secreta.

202 2309 391 2375 Oblationis
406 2309 503 2373 huius
519 2311 653 2373 domine
668 2310 799 2392 placare
815 2310 1004 2373 muneribus
1020 2321 1054 2374 et
1077 2310 1355 2374 intercedentibus

156 2397 313 2460 omnibus
339 2398 463 2459 sanctis
488 2398 561 2459 tuis.
588 2417 721 2459 omnem
749 2397 909 2479 populum
938 2398 1153 2460 christianum
1178 2417 1198 2459 a
1228 2397 1355 2459 cunctis

158 2482 302 2548 defende
316 2484 478 2566 periculis.
494 2492 528 2546 et
542 2483 717 2546 animabus
733 2482 931 2547 famulorum
942 2485 1206 2565 famularumque
1215 2494 1356 2546 tuarum.

156 2580 192 2634 et
218 2580 412 2634 cunctorum
440 2569 588 2633 fidelium
613 2568 852 2634 defunctorum.
879 2592 938 2653 per
952 2572 1033 2634 haec
1050 2582 1165 2635 sancta
1187 2569 1355 2634 sacrificia.

156 2656 399 2742 [remissionem
415 2658 565 2720 omnium
582 2657 690 2720 tribue
706 2669 924 2739 peccatorum.
940 2679 1006 2740 per.
1210 2657 1266 2740 [so.
1284 2659 1356 2721 226.

604 2793 666 2855 Ad
676 2792 900 2874 complendum.

202 2893 379 2958 Purificent
404 2915 585 2977 quesumus
609 2897 745 2959 domine
770 2895 911 2958 famulos
935 2906 1010 2959 tuos
1036 2896 1139 2959 diuini
1155 2898 1354 2961 sacramenti

157 2982 280 3045 libatio
311 2992 345 3044 et
370 2982 514 3063 gloriosa
540 2993 674 3046 sanctae
704 2983 759 3046 dei
785 2984 951 3064 genitricis
986 2985 1109 3045 mariae
1139 2992 1172 3046 et
1204 2985 1353 3046 omnium

156 3078 346 3131 sanctorum
371 3079 503 3131 tuorum
531 3071 636 3133 oratio
651 3079 685 3132 et
701 3089 836 3151 gregem
862 3067 957 3131 nobis
980 3071 1167 3132 comissum.
1184 3090 1222 3133 ac
1238 3069 1356 3133 famili·

157 3157 275 3218 aritate
290 3167 324 3217 et
339 3157 628 3237 consanguinitate
652 3156 748 3220 nobis
769 3156 896 3219 iunctis.
909 3166 943 3218 et
959 3176 1017 3237 pro
1034 3176 1087 3218 me
1104 3157 1223 3218 misero
1238 3177 1354 3239 pecca·

157 3239 247 3317 tori.†
271 3241 324 3305 uel
350 3243 441 3305 omni
466 3243 591 3324 populo
617 3243 805 3306 christiano·
830 3243 1087 3304 misericordiam
1112 3253 1204 3305 tuam
1232 3245 1355 3325 ubique

156 3328 337 3412 praetende
352 3339 385 3391 et
401 3329 575 3392 animabus
586 3329 784 3392 famulorum
801 3339 932 3391 tuorum
948 3327 1213 3410 famularumque
1223 3340 1353 3393 tuarum

155 3426 417 3497 cunctorumque
433 3414 578 3479 fidelium
596 3415 827 3479 defunctorum
844 3417 1069 3479 remissionem
1082 3417 1232 3479 omnium
1248 3417 1355 3479 tribue

155 3511 374 3585 peccatorum.
390 3523 456 3586 per.

496 3704 613 3767 Mrssn
638 3715 709 3765 eno
734 3701 1030 3767 Sacannomaus

200 3828 325 3894 Omnia
350 3851 438 3912 quae
462 3831 565 3894 fecisti
590 3829 686 3893 nobis
710 3831 846 3894 domine
862 3831 895 3893 in
911 3852 990 3894 uero
1013 3832 1134 3893 iudicio
1156 3831 1261 3893 fecisti
1277 3831 1355 3912 quia

154 3918 368 3999 peccauimus
398 3918 458 3980 tibi
488 3928 521 3980 et
548 3918 716 3980 mandatis
746 3918 813 3980 tuis
843 3938 909 3981 non
947 3917 1177 3981 oboediuimus
1215 3918 1273 3980 sed
1311 3919 1356 3980 da

155 4001 297 4085 gloriam
324 4005 450 4066 nomini
474 4014 532 4066 tuo
558 4015 591 4067 et
617 4003 668 4066 fac
693 4004 867 4067 nobiscum
898 4006 1079 4067 secundum
1107 4003 1353 4066 multitudinem

154 4091 399 4154 misericordiae
410 4100 495 4154 tuae.

199 4176 291 4241 Psal.
315 4178 409 4241 Beati
429 4177 620 4241 inmaculati
636 4178 669 4240 in
685 4177 749 4241 uia.

687 4313 829 4380 Collecta.

201 4416 348 4481 Domine
378 4418 447 4482 iesu
470 4417 591 4481 christe
605 4419 769 4501 propitius
785 4429 858 4482 esto
874 4416 952 4479 mihi
968 4416 1142 4500 peccatori.
1158 4417 1238 4498 quia
1260 4419 1357 4482 mise·

154 4503 297 4567 ricordia
311 4514 369 4568 tua
384 4506 508 4587 primus
524 4504 666 4587 indigeo.
683 4515 717 4568 et
732 4526 793 4587 pro
809 4502 962 4568 fratribus
987 4504 1107 4566 nostris
1131 4505 1358 4568 sacerdotibus
