3046 5092
521 306 663 359 mssaa
683 307 760 358 pao
781 306 1009 361 aaronem.
1320 315 1370 371 305

163 459 209 523 ill.
246 458 420 525 beatorum
459 460 679 527 tabemacuiis
716 464 926 528 constitutus.
962 462 1107 527 euasisse
1142 480 1179 525 se
1215 460 1367 525 carnales

162 546 322 629 glorietur
335 549 515 631 angustias,
541 549 698 631 diemque
723 550 834 615 iudicii
861 570 938 613 cum
963 548 1084 613 fiducia
1109 558 1191 613 uoto
1215 547 1365 633 gratula-

163 633 264 697 tionis
277 645 444 717 expectet.
459 655 518 719 per
532 635 700 700 christum.

620 772 683 835 Ad
691 772 917 854 complendum.

208 882 391 965 Propitiare
413 884 548 949 domine
574 883 871 968 supplicationibus
896 884 1016 948 nostris
1032 895 1066 949 et
1081 885 1232 948 animam
1248 883 1366 947 famuli

162 970 210 1033 tui
226 972 414 1035 sacerdotis.
431 971 464 1034 in
479 972 630 1035 uiuorum
647 973 781 1055 regione
803 972 946 1035 aeternis
960 973 1091 1055 gaudiis
1108 972 1222 1036 iubeas
1237 971 1364 1035 sociari.

162 1077 231 1140 per.

656 1275 752 1340 Iesu
776 1288 873 1338 num.

207 1403 300 1468 Deus
337 1404 393 1486 qui
431 1403 592 1468 famulum
630 1414 733 1468 tuum.
764 1404 809 1469 ill.
847 1404 1053 1469 sacerdotem
1083 1411 1117 1466 et
1146 1402 1363 1467 sanctificasti

162 1492 338 1554 uocatione
362 1492 612 1555 misericordiae.
642 1500 676 1554 et
706 1491 913 1573 assumpsisti
950 1491 1238 1554 consummatione
1275 1490 1361 1554 ielici

160 1578 292 1659 suscipe
318 1579 480 1661 propitius
506 1598 640 1660 praeces
667 1587 803 1641 nostras.
829 1586 864 1640 et
887 1586 998 1660 presta
1022 1586 1059 1640 ut
1080 1578 1166 1640 sicut
1181 1578 1236 1640 ilie
1251 1588 1363 1642 tecum

125 1692 132 1707 ·
161 1673 214 1728 est
239 1666 372 1728 meritis.
400 1666 446 1728 ita
472 1686 493 1729 a
516 1666 612 1728 nobis
636 1684 704 1727 non
734 1666 867 1728 recedat
897 1664 1072 1746 exemplis.
1099 1683 1159 1747 per
1187 1665 1362 1729 dominum

162 1760 322 1815 nostrum.

676 1885 857 1974 [διτνεὶα]ι

204 1997 376 2079 [Concede
390 2019 569 2081 quesumus
579 2000 792 2082 omnipotens
801 2001 891 2063 deus.
904 2008 942 2063 ut
957 2000 1070 2063 anima
1085 1998 1200 2063 famuli
1215 1999 1271 2081 [fo.
1290 2015 1362 2064 220.

161 2086 218 2149 tui.
235 2086 281 2149 ill.
307 2087 487 2150 sacerdotis
514 2107 573 2169 per
596 2087 678 2149 haec
705 2097 821 2150 sancta
858 2087 1017 2167 mysteria
1041 2087 1075 2149 in
1103 2095 1162 2150 tuo
1180 2095 1361 2168 conspectu

160 2192 295 2254 semper
308 2173 397 2236 clara
411 2174 572 2237 consistat
587 2194 674 2255 quae
688 2171 831 2237 fideliter
847 2173 1055 2236 ministrauit.
1071 2193 1138 2255 per.

670 2334 852 2415 Praefatio.

205 2446 257 2510 G)
282 2455 415 2509 aeterne
440 2448 530 2510 deus.
575 2445 651 2509 Tibi
675 2446 775 2529 igitur
797 2466 932 2528 praeces
954 2446 1118 2528 supplices
1135 2446 1311 2510 fundimus.
1327 2456 1362 2511 et

161 2534 372 2596 maiestatem
388 2544 480 2597 tuam
505 2534 637 2597 deuotis
661 2534 828 2596 mentibus
852 2553 1039 2596 exoramus.
1056 2542 1093 2596 ut
1120 2534 1231 2597 anima
1247 2534 1362 2597 famuli

160 2620 208 2683 tui
234 2619 280 2683 ill.
302 2621 482 2683 sacerdotis
507 2621 622 2682 mortis
649 2620 790 2683 uinculis
814 2620 969 2683 omnibus
996 2619 1158 2683 absoluta.
1183 2621 1361 2684 transitum

161 2715 327 2769 mereatur
341 2706 462 2770 habere
486 2708 529 2769 ad
555 2708 665 2769 uitam.
682 2715 716 2769 et
740 2707 772 2768 in
796 2704 952 2779 obuium†
966 2707 1027 2769 tibi
1043 2706 1245 2787 placentium
1262 2707 1362 2771 bene·

159 2791 307 2856 dictione
321 2802 492 2856 aeternum
508 2802 700 2856 numeretur
714 2794 756 2856 ad
773 2813 921 2875 regnum.
937 2814 997 2876 per
1011 2793 1178 2856 christum.

613 2948 645 3010 A
649 2946 677 3009 d
685 2946 910 3028 complendum.

204 3058 312 3122 Prosit
338 3078 518 3139 quesumus
544 3059 680 3121 domine
712 3059 843 3121 animae
874 3056 988 3121 famuli
1019 3058 1075 3122 tui.
1106 3058 1151 3121 ill.
1178 3059 1361 3122 sacerdotis

158 3144 403 3208 misericordiae
430 3154 507 3208 tuae
532 3145 707 3228 implorata
732 3145 917 3208 clementia.
935 3155 972 3207 ut
994 3146 1064 3208 eius
1081 3145 1114 3207 in
1131 3165 1198 3227 quo
1213 3147 1358 3227 sperauit

158 3241 192 3295 et
208 3232 348 3295 credidit
363 3242 533 3296 aeternum
550 3232 661 3316 capiat
676 3242 710 3295 te
727 3233 904 3295 miserante
919 3232 1130 3295 consortium.
1147 3252 1213 3314 per.

647 3498 743 3560 Iram
766 3511 862 3561 num.

201 3636 258 3700 Da
283 3657 463 3719 quesumus
486 3636 699 3719 omnipotens
723 3637 805 3698 deus
821 3646 857 3698 ut
874 3635 1017 3699 samulus
1035 3646 1119 3700 tuus.
1135 3638 1187 3699 cui
1204 3638 1355 3702 aecelcsi-

155 3724 281 3788 asticae
310 3743 388 3787 cure
416 3722 543 3786 talenta
579 3723 753 3787 tradidisti.
783 3742 859 3785 cum
892 3723 1066 3805 multiplici
1097 3723 1217 3786 laboris
1247 3723 1354 3787 fructu

155 3810 281 3893 gaudia
307 3810 433 3873 domini
460 3810 510 3872 sui
536 3808 751 3894 ingrediatur¹
776 3818 918 3873 aeterna.
943 3812 999 3891 qui
1024 3810 1125 3874 totius
1149 3811 1264 3875 mundi
1279 3811 1355 3874 tulit

154 3898 258 3961 etiam
274 3896 465 3960 immolatus
480 3905 663 3979 peccatum.
679 3916 744 3978 per.

689 4045 826 4109 Secreta.

200 4161 297 4225 Haec
312 4160 437 4223 oblatio
459 4161 595 4224 domine
613 4159 759 4222 animam
775 4156 890 4219 samuli
907 4157 962 4220 tui.
979 4157 1023 4221 ill.
1039 4157 1083 4221 ab
1098 4159 1252 4223 omnibus
1268 4160 1358 4223 uitiis

152 4248 323 4313 humanae
338 4248 537 4312 conditionis
552 4246 713 4310 absoluat
726 4265 792 4327 per.

320 4413 329 4447 ¹
347 4416 467 4482 Heading
478 4416 584 4467 omitted
594 4414 621 4464 in
633 4414 689 4465 MS.

318 4479 331 4513 ¹
346 4483 388 4532 An
398 4499 415 4532 a
425 4482 470 4532 has
480 4483 545 4533 been
555 4480 639 4531 added
649 4479 735 4530 before
745 4479 788 4529 the
798 4494 811 4529 e
822 4478 851 4528 oi
863 4477 907 4528 the
919 4477 997 4537 word,
1009 4478 1091 4529 above
1102 4478 1146 4529 the
1157 4479 1216 4530 line

195 4550 393 4631 Junmous.
1201 4562 1227 4610 x
