3046 5092
167 312 218 365 ²²⁴
454 302 511 353 111.
539 300 593 353 m.
622 300 709 355 Νθᾶ
740 300 829 353 MT.
857 302 887 355 S.
915 300 1095 355 aarum.

704 470 844 537 Secreta

210 580 349 665 Suscipe
363 580 499 645 domine
514 580 661 647 fidelium
684 602 819 667 praeces
840 602 917 647 cum
939 580 1167 649 oblationibus
1181 582 1379 653 hostiarum.

165 678 203 733 ut
218 668 443 733 intercedente
457 668 558 733 beato
571 668 736 734 theodoro
751 678 897 753 martyre
911 678 979 734 tuo.
995 690 1055 753 per
1075 670 1161 735 haec
1183 672 1262 755 piae
1275 674 1379 737 deuo-

165 754 266 819 tionis
280 754 397 819 officia.
413 754 455 820 ad
471 756 649 821 caelestem
664 756 806 840 gloriam
818 766 1036 821 transeamus.
1051 776 1118 839 per.

621 892 684 957 Ad
692 892 919 977 complendum.

208 1006 344 1071 Praesta
367 1005 464 1069 nobis
478 1003 614 1069 domine
636 1026 816 1088 quesumus
839 1006 1064 1071 intercedente
1087 1004 1191 1072 beato
1213 1006 1379 1073 theodoro

165 1102 312 1173 martyre
326 1102 393 1156 tuo.
410 1100 447 1155 ut
461 1112 549 1174 quae
563 1112 620 1157 ore
635 1093 868 1175 contingimus.
885 1112 968 1177 pura
990 1102 1103 1157 mente
1117 1094 1303 1178 capiamus
1318 1116 1379 1179 per

164 1180 339 1245 dominum
357 1188 516 1243 nostrum.

251 1396 302 1446 111.
328 1382 418 1446 Inus
443 1379 538 1444 Nou.
563 1380 721 1445 Nauaris
744 1381 888 1449 Snucrr
912 1382 1058 1447 Munus
1082 1383 1296 1451 MARTVRIS.

208 1511 344 1575 Praesta
358 1529 539 1592 quesumus
554 1511 767 1593 omnipotens
783 1510 874 1576 deus
886 1521 924 1576 ut
938 1513 995 1594 qui
1007 1511 1096 1576 beati
1114 1532 1238 1577 menne
1250 1522 1372 1597 marty·

164 1598 208 1661 ris
222 1598 271 1661 tui
287 1596 442 1660 natalicia
458 1596 608 1660 colimus.
625 1597 861 1661 intercessione
874 1598 946 1663 eius
968 1600 1002 1662 in
1025 1599 1075 1663 tui
1098 1601 1247 1664 nominis
1261 1620 1376 1665 amore

163 1682 363 1749 roboremur.
380 1703 439 1765 per
453 1683 627 1748 dominum
644 1694 804 1749 nostrum.

699 1820 837 1886 Secreta.

205 1933 415 2019 lMuneribus
444 1933 566 1995 nostris
595 1952 776 2015 quesumus
798 1934 934 1998 domine
965 1933 1205 2018 praecibusque
1242 1934 1372 2021 [so161.

162 2021 332 2103 susceptis.
345 2029 379 2084 et
394 2019 591 2083 caelestibus
607 2040 668 2083 nos
681 2020 806 2083 munda
818 2021 991 2103 mysteriis.
1004 2031 1038 2085 et
1049 2020 1374 2089 clementerexaudi.

162 2128 222 2191 per
236 2107 409 2170 dominum
425 2114 585 2169 nostrum.

616 2243 680 2307 Ad
688 2244 915 2327 complendum.

205 2356 261 2419 Da
275 2374 456 2438 quesumus
471 2354 608 2418 domine
622 2355 705 2419 deus
721 2365 843 2421 noster.
854 2364 891 2420 ut
905 2356 991 2419 sicut
1006 2365 1139 2420 tuorum
1149 2376 1371 2421 commemor·

160 2443 272 2506 atione
287 2451 477 2504 sanctorum
493 2442 669 2523 temporali
685 2442 891 2524 gratulamur
899 2440 1017 2507 officio.
1027 2444 1074 2507 ita
1090 2454 1256 2527 perpetuo
1272 2444 1368 2508 laete·

163 2551 234 2592 mur
251 2540 395 2612 aspectu.
413 2548 470 2610 per
486 2530 666 2591 dominum.

270 2735 406 2797 Eonnu
432 2734 511 2795 Dru.
538 2732 693 2794 Nnrnnu
718 2733 859 2795 Snucrr
886 2733 1057 2794 linimur
1085 2733 1267 2799 Errscorr.

205 2870 296 2931 Deus
312 2866 367 2946 qui
384 2864 546 2945 conspicis
574 2863 651 2943 quia
675 2884 719 2925 ex
748 2863 837 2924 nulla
862 2873 974 2926 nostra
1000 2864 1121 2925 uirtute
1148 2865 1366 2928 subsistimus

159 2956 304 3019 concede
320 2952 489 3034 propitius.
506 2959 542 3012 ut
566 2950 799 3011 intercessione
824 2951 911 3013 beati
940 2951 1070 3012 martini
1096 2951 1297 3014 confessoris
1322 2953 1368 3015 tui

160 3055 259 3123 atque
279 3039 451 3122 pontificis
470 3048 584 3100 contra
607 3037 720 3098 omnia
743 3038 882 3098 aduersa
907 3038 1100 3099 muniamur.
1118 3058 1177 3119 per
1193 3039 1368 3102 dominum

159 3140 316 3192 nostrum.

698 3243 837 3305 Secreta.

203 3362 256 3422 Da
285 3357 467 3420 misericors
491 3356 579 3417 deus.
596 3364 632 3417 ut
657 3354 738 3416 hacc
765 3376 825 3416 nos
853 3355 1004 3418 salutaris
1029 3355 1155 3417 oblatio
1170 3367 1203 3418 et
1229 3358 1370 3439 propriis

159 3446 302 3510 reatibus
328 3444 551 3506 indesinenter
581 3442 747 3523 expediat.
764 3453 797 3504 ct
820 3442 863 3504 ab
886 3442 1039 3504 omnibus
1063 3454 1195 3504 tueatur
1211 3445 1369 3506 aduersis,

158 3556 222 3617 per.

684 3648 842 3727 Presatri).

202 3765 250 3828 (D
284 3774 417 3825 aeterne
448 3762 537 3823 deus
585 3760 686 3824 Cuius
718 3780 854 3824 munere
870 3762 987 3823 beatus
1012 3763 1172 3824 martinus
1194 3764 1366 3828 consessor

157 3853 278 3934 pariter
294 3860 327 3913 et
343 3848 504 3911 sacerdos.
521 3856 554 3909 et
570 3846 733 3909 bonorum
757 3867 894 3929 operum
920 3850 1130 3911 incrementis
1154 3853 1316 3914 excreuit.
1332 3863 1364 3914 et

157 3939 255 4001 uariis
285 3937 444 3999 uirtutum
476 3934 573 3996 donis
603 3934 808 3996 exuberauit.
832 3944 866 3997 et
891 3936 1055 3997 miraculis
1086 3939 1284 4000 coruscauit.
1309 3940 1364 4020 qui

156 4027 244 4107 quod
262 4023 370 4087 uerbis
386 4021 518 4083 edocuit
534 4040 671 4101 operum
687 4021 896 4084 exhibitione
912 4022 1101 4103 compleuit.
1115 4034 1147 4085 et
1158 4024 1364 4088 documento

156 4111 252 4174 simul
269 4122 302 4173 et
318 4107 476 4189 exemplo
491 4106 633 4170 subditis
647 4109 689 4169 ad
714 4107 870 4171 caelestia
894 4129 995 4187 regna
1019 4111 1177 4191 pergendi
1202 4112 1360 4176 ducatum

155 4198 314 4281 praebuit.
361 4195 462 4259 Unde
492 4204 584 4256 tuam
616 4194 827 4257 clementiam
860 4196 1012 4277 petimus.
1046 4207 1081 4258 ut
1113 4197 1182 4258 eius
1215 4200 1271 4279 qui
1304 4200 1361 4262 tibi

156 4285 279 4368 placuit
294 4280 458 4364 exemplis
474 4282 516 4343 ad
537 4279 622 4344 bene
644 4282 811 4363 agendum
836 4281 1058 4345 informemur.
1084 4285 1210 4346 meritis
1235 4287 1360 4349 munia·

156 4392 237 4435 mur.
254 4367 542 4433 intercessionibus
563 4368 766 4431 adiuuemur.
813 4367 965 4451 Qualiter
987 4371 1029 4433 ad
1053 4370 1197 4434 caeleste
1222 4392 1359 4455 regnum

153 4459 211 4523 illo
227 4456 474 4521 interueniente.
486 4464 521 4518 te
535 4455 722 4537 opitulante
733 4457 905 4538 peruenire
918 4476 1111 4521 mereamur.
1122 4478 1181 4541 per
1189 4459 1365 4524 christum.
