3046 5092
466 332 519 382 ID.
549 333 631 383 APR.
662 332 750 384 NAT.
779 333 807 383 S.
837 331 1049 385 EUFEMIAE.
1082 328 1084 333 ⁴
1234 384 1237 390 ,
1314 330 1360 393 169

633 574 637 582 ,
693 507 829 572 Secreta.

206 619 245 682 ln
263 619 430 683 mentibus
450 619 570 683 nostris
593 620 729 683 domine
750 640 931 703 quesumus
954 639 1030 683 uere
1053 618 1130 682 fidei
1152 628 1361 682 sacramenta

159 704 328 771 confirma
345 716 383 770 ut
397 706 455 789 qui
469 716 669 788 conceptum
684 708 727 770 de
742 709 870 789 uirgine
885 706 985 769 deum
1002 726 1118 769 uerum
1134 715 1167 768 et
1187 706 1357 769 hominem

159 791 365 856 confitemur.
403 813 461 874 per
491 794 561 856 eius
597 791 773 869 salutifire†
810 793 1055 857 resurrectionis
1092 793 1278 876 potentiam
1315 792 1358 855 ad

160 889 331 944 aeternam
358 900 550 944 mereamur.
575 877 761 962 (peruenire
788 879 958 943 laetitiam.
986 900 1044 960 per
1068 880 1174 942 domi·
1201 878 1257 961 [fo.
1289 895 1358 942 121.

160 986 251 1029 num.

670 1086 851 1167 Praefatio.

206 1198 256 1262 ff)
279 1207 412 1260 aeterne
441 1199 533 1262 deus,
591 1195 659 1280 Qui
690 1219 748 1281 per
777 1199 896 1262 beatae
921 1199 1043 1261 mariae
1067 1198 1202 1280 uirginis
1228 1207 1359 1279 partum

162 1283 320 1348 ecclesiae
335 1293 413 1347 tuae
429 1284 571 1348 tribuisti
593 1285 757 1348 celebrare
781 1285 930 1348 mirabile
955 1286 1149 1367 mysterium
1175 1295 1208 1346 et
1233 1285 1360 1347 inenar-

163 1370 265 1433 rabile
275 1380 527 1434 sacramentum.
563 1372 601 1434 ln
614 1393 680 1454 qua
693 1382 806 1435 manet
817 1373 941 1435 intacta
953 1373 1096 1435 castitas.
1107 1372 1214 1452 pudor
1225 1371 1358 1452 integer.

163 1455 259 1520 firma
277 1458 472 1521 constantia
488 1478 574 1539 quae
590 1458 732 1521 laetatur
754 1460 843 1540 quod
869 1460 962 1539 uirgo
978 1460 1140 1541 concepit.
1163 1458 1252 1538 quod
1278 1456 1359 1520 caeli

162 1544 337 1607 dominum
361 1545 462 1608 castis
485 1546 631 1626 portauit
653 1547 841 1608 uisceribus.
858 1547 948 1627 quod
972 1547 1067 1627 uirgo
1088 1545 1193 1608 edidit
1216 1554 1358 1627 partum.

163 1627 195 1693 O
211 1631 442 1693 admirandam
465 1632 598 1694 diuinae
622 1633 878 1714 dispensationis
898 1633 1133 1714 operationem.
1149 1651 1235 1712 quae
1251 1631 1358 1693 uirum

162 1736 229 1779 non
245 1717 404 1799 cognouit
419 1727 453 1780 et
469 1729 575 1781 mater
585 1729 643 1781 est.
657 1732 690 1781 et
703 1729 779 1800 post
796 1718 899 1781 filium
914 1720 1008 1800 uirgo
1020 1729 1077 1781 cst.
1117 1716 1258 1780 Duobus
1270 1718 1359 1779 enim

162 1804 278 1886 gauisa
294 1813 345 1867 est
368 1804 559 1867 muneribus
576 1807 713 1868 miratur
727 1807 818 1886 quod
843 1807 936 1887 uirgo
960 1806 1094 1887 peperit.
1110 1804 1254 1867 laetatur
1268 1803 1359 1885 quod

162 1889 429 1972 redemptorum't
445 1892 559 1953 mundi
575 1891 687 1955 edidit.
713 1893 817 1954 iesum
834 1892 994 1955 christum
1010 1892 1184 1955 dominum
1201 1899 1359 1953 nostrum.

163 1996 221 2059 per
240 1997 349 2057 quem.
421 1993 427 2006 ·

612 2098 674 2161 Ad
685 2098 908 2178 corrrplendum.

205 2206 358 2272 Gratiam
381 2217 474 2271 tuam
490 2208 625 2272 domine
642 2210 809 2272 mentibus
825 2210 945 2272 nostris
959 2208 1095 2271 infunde
1110 2217 1148 2271 ut
1168 2208 1224 2289 qui
1241 2208 1361 2289 angelo

164 2295 340 2358 nuntiante
382 2294 495 2357 christi
541 2294 597 2357 filii
642 2296 691 2358 tui
733 2297 993 2358 incarnationem
1032 2295 1258 2377 cognouimus
1304 2315 1362 2376 per

164 2382 351 2464 passionem
364 2381 434 2445 eius
450 2391 484 2444 et
498 2402 637 2446 crucem.
651 2384 692 2446 ad
710 2384 955 2446 resurrectionis
978 2382 1117 2463 gloriam
1134 2382 1362 2464 perducamur.

164 2487 227 2550 per.

289 2634 743 2699 111.IDUS.A1‘R.NATALE
766 2635 907 2701 Snucn
933 2635 1077 2698 Laours
1102 2635 1233 2696 PAPAE.

207 2745 345 2809 Exaudi
360 2746 495 2810 domine
518 2768 652 2830 praeces
668 2758 797 2811 nostras
819 2769 902 2830 quas
918 2749 950 2809 in
967 2747 1072 2809 sancti
1095 2744 1290 2808 confessoris
1313 2744 1362 2807 tui

163 2841 265 2914 atque
280 2831 447 2915 pontificis
470 2833 574 2897 leonis
590 2835 836 2916 sollempnitate
852 2834 1036 2897 deserimus.
1054 2833 1162 2914 utqui
1179 2832 1239 2894 tibi
1261 2831 1362 2912 digne

164 2920 284 2983 meruit
314 2917 477 2982 famulari.
502 2921 572 2983 eius
597 2922 878 2984 intercedentibus
906 2921 1031 2983 meritis
1056 2920 1099 2982 ab
1123 2918 1277 2981 omnibus
1302 2937 1362 2980 nos

163 3005 320 3069 absoluas
335 3008 489 3087 peccatis.
504 3028 570 3090 per.

696 3125 834 3191 Secreta.

208 3234 324 3300 Sancti
340 3236 444 3299 leonis
459 3237 655 3300 confessoris
671 3238 719 3301 tui
731 3248 832 3319 atque
848 3236 1013 3319 pontificis
1028 3256 1209 3318 quesumus
1224 3234 1360 3298 domine

159 3342 277 3385 annua
311 3323 541 3405 sollempnitas
571 3325 687 3406 pietati
720 3334 798 3387 tuae
827 3344 889 3387 nos
914 3325 1030 3386 reddat
1054 3332 1217 3404 acceptos.
1245 3330 1282 3383 ut
1306 3341 1364 3403 per

156 3408 246 3472 haec
263 3409 338 3491 piae
353 3410 548 3491 placationis
571 3410 686 3473 officia.
702 3420 736 3473 et
760 3411 851 3474 illurn
875 3411 974 3473 beata
994 3409 1166 3473 retributio
1188 3409 1365 3471 comitetur

157 3506 198 3559 et
215 3495 313 3558 nobis
327 3497 454 3579 gratiae
468 3507 546 3560 tuac
561 3498 650 3560 dona
665 3499 824 3560 conciliet.
842 3517 906 3578 per.

621 3635 683 3697 Ad
692 3633 916 3715 complendum.

209 3744 321 3825 (Deus
345 3743 491 3807 fidelium
511 3754 738 3808 remunerator
757 3746 951 3807 animarum.
976 3752 1107 3826 praesta
1128 3752 1165 3806 ut
1191 3742 1247 3824 [so.
1272 3757 1361 3804 121v.

159 3831 257 3895 beati
285 3831 389 3894 leonis
415 3831 612 3895 confessoris
633 3834 682 3896 tui
709 3842 810 3913 atque
833 3830 999 3914 pontificis
1023 3832 1115 3894 cuius
1138 3829 1362 3892 uenerandam

154 3918 373 4067 celegramus
403 3917 617 3982 festiuitatcrn
648 3918 821 4001 praecibus
847 3918 1088 4000 indulgentiam
1113 3934 1362 3996 consequamur.

155 4022 225 4086 per
264 4023 422 4067 ominum.

254 4195 347 4259 Inus
369 4194 462 4257 Ain.
486 4193 642 4258 Numa
665 4195 841 4261 Snncrna
864 4194 1064 4257 Eur-suns
1089 4191 1276 4256 U1uo1u1s.

209 4311 369 4377 Concede
394 4329 575 4392 quesumus
598 4311 811 4393 omnipotens
836 4309 918 4372 deus
944 4315 1079 4371 sanctae
1105 4307 1261 4388 martyris
1283 4313 1361 4369 tuae

165 4398 341 4463 eufemiae.
355 4406 390 4460 et
404 4397 556 4460 exultare
579 4398 704 4460 meritis
719 4408 753 4460 et
777 4394 944 4459 beneficiis
971 4393 1089 4458 referre
1115 4392 1279 4475 suffragia
1303 4412 1362 4475 per

163 4485 349 4550 dominum.
