3046 5092
563 269 682 319 FERIA
707 269 764 319 III.
790 268 840 318 ΙΝ
857 269 975 319 ALBIS.

696 454 834 520 Secreta

195 550 537 638 Smdpequsum
550 558 689 622 domine
707 578 843 641 praeces
858 558 973 640 populi
989 557 1038 621 tui
1054 577 1130 621 cum
1146 558 1373 622 oblationibus

151 638 347 704 bantinum
362 660 402 706 ut
425 647 643 726 paschalibus
658 648 789 708 initiata
805 646 978 727 mysteriis.
995 646 1039 707 ad
1055 648 1262 710 aeternitatis
1278 647 1373 709 nobis

152 728 327 790 medelam
343 746 380 793 te
393 746 560 814 operante
574 733 759 816 proficiant
775 753 834 814 per
849 733 1034 796 dominum.

629 870 814 951 Praefatio.

196 968 249 1032 ff)
264 982 405 1036 aeterne
429 976 525 1038 deus
569 975 617 1040 Et
641 987 675 1038 te
697 974 890 1057 suppliciter
904 993 1052 1036 exorare.
1077 982 1114 1036 ut
1138 971 1294 1035 fidelibus
1309 974 1371 1035 tuis

153 1056 334 1136 dignanter
362 1062 538 1144 inpendas
564 1084 634 1145 quo
661 1073 697 1125 et
733 1061 904 1144 paschalia
933 1062 1068 1143 capiant
1099 1070 1311 1122 sacramenta
1338 1070 1370 1121 et

152 1144 384 1210 desideranter
407 1162 593 1231 expectent
623 1149 742 1212 sutura
789 1149 837 1213 Ut
867 1149 900 1210 in
926 1148 1092 1229 mysteriis
1118 1145 1240 1228 quibus
1269 1148 1370 1209 renati

153 1244 231 1292 sunt
245 1250 494 1314 permanentes
509 1239 553 1298 ad
569 1257 693 1299 nouam
708 1237 822 1298 uitam.
838 1234 889 1297 his
911 1235 1127 1318 operantibus
1142 1234 1371 1316 perducantur.

154 1337 214 1400 px
225 1320 392 1384 curteum
407 1325 585 1387 dominum
600 1333 760 1386 nostrum.

626 1434 728 1514 Infra
742 1435 906 1497 actionem.

198 1534 501 1603 Communicamus
515 1550 674 1622 utsupra.

203 1622 305 1687 Hanc
320 1627 425 1707 igitur
438 1639 597 1710 utsupra.

618 1714 650 1776 A
654 1713 681 1776 d
690 1711 918 1794 complendum.

202 1812 367 1896 Spiritum
383 1818 417 1879 in
430 1818 530 1880 nobis
543 1818 679 1880 domine
694 1826 771 1879 tuae
787 1815 938 1878 karitatis
954 1812 1099 1877 infunde.
1115 1824 1152 1877 ut
1167 1834 1253 1896 quos
1268 1834 1370 1878 sacra-

163 1903 287 1965 mentis
301 1904 519 1985 paschalibus
533 1906 662 1967 satiasti
679 1914 738 1966 tua
756 1902 857 1965 saclas
874 1903 999 1984 pietate
1013 1902 1205 1965 concordes.
1221 1922 1289 1984 per.

649 2014 713 2077 Ad
724 2024 896 2096 uesperum.

205 2116 363 2183 Concede
400 2139 581 2202 quesumus
617 2119 831 2200 omnipotens
868 2117 958 2179 deus.
989 2122 1026 2178 ut
1064 2117 1120 2198 qui
1159 2125 1368 2198 peccatorum

164 2218 353 2269 nostrorum
377 2205 532 2289 'pondere
548 2206 757 2289 praemimur.
773 2224 793 2266 a
808 2204 936 2266 cunctis
953 2202 1048 2266 malis
1064 2204 1240 2267 imminen-
1257 2202 1313 2285 [fu.
1325 2219 1368 2285 75.

164 2290 255 2357 tibus
269 2313 330 2376 per
343 2294 427 2358 haec
442 2293 612 2377 paschalia
626 2293 712 2354 festa
727 2291 913 2353 liberemur.
930 2310 996 2372 per.

676 2403 867 2482 adfantes.

208 2505 365 2572 Concede
388 2529 568 2591 quesumus
592 2508 803 2588 omnipotens
828 2506 910 2567 deus
937 2513 973 2567 ut
998 2503 1072 2586 quit
1098 2504 1183 2567 festa
1208 2504 1370 2586 paschalia

166 2615 251 2675 quae
282 2599 471 2659 uenerando
501 2597 646 2658 colimus,
672 2595 773 2656 etiam
805 2593 949 2654 uiuendo
980 2603 1160 2654 teneamus
1188 2613 1246 2672 per
1272 2594 1371 2655 domi-

168 2703 258 2745 num.

573 2795 603 2856 Α
608 2794 634 2856 d
644 2804 791 2855 sanctum
807 2792 986 2854 Andream.

215 2899 307 2963 Dens
322 2900 378 2982 qui
395 2899 554 2982 populum
578 2909 672 2959 tuum
698 2898 740 2959 de
765 2896 871 2958 hostis
896 2895 1006 2957 callidi
1032 2895 1193 2956 seruitute
1219 2893 1371 2956 liberasti.

171 3008 306 3071 praenes
326 2990 395 3050 eius
421 2986 674 3049 misericorditer
690 2984 822 3064 respice.
839 2994 872 3045 et
897 2984 1111 3044 aduersantes
1136 2982 1165 3042 ei
1182 2992 1241 3043 tua
1258 2984 1376 3044 uirtute

172 3090 350 3161 pantenu.
368 3096 425 3157 per
439 3075 623 3137 dominum.

680 3257 798 3320 Fama
824 3257 886 3320 111.

218 3404 310 3469 lteris
335 3400 392 3482 qui
422 3395 615 3460 aecclesiam
647 3403 739 3457 tuam
771 3415 859 3457 nouo
886 3415 1017 3475 semper
1047 3393 1136 3456 soetu
1170 3394 1382 3478 multiplicas.

172 3494 318 3558 minente
334 3486 462 3552 tinnulis
479 3486 550 3546 tuis.
568 3493 604 3544 ut
620 3494 863 3544 sacramentum
880 3483 1025 3544 uiuendo
1041 3491 1177 3544 teneant
1200 3486 1293 3562 quod
1320 3485 1384 3547 fide

174 3588 396 3667 perceperunt.
413 3594 471 3656 per
486 3572 666 3635 dominum.

703 3681 838 3744 Secreta.

219 3798 356 3878 Suscipe
372 3789 505 3853 domine
521 3785 666 3847 fidelium
684 3806 818 3867 praeces
841 3803 915 3845 cum
940 3782 1164 3845 oblationibus
1187 3783 1387 3850 hostiarum.

173 3900 210 3953 ut
227 3908 285 3971 per
300 3886 380 3947 haec
396 3879 470 3961 plne
484 3874 672 3938 deuotionis
694 3871 809 3935 officia.
825 3873 868 3934 ad
885 3871 1060 3933 caelestem
1076 3871 1219 3953 gloriam
1237 3883 1388 3938 transea-

174 3996 257 4039 mus
275 3993 341 4057 per.

683 4071 865 4150 Praefatin

219 4194 270 4259 (tt
300 4198 428 4253 neteme
458 4179 548 4242 deus.
608 4174 675 4259 Qui
712 4171 933 4248 oblationeml
969 4173 1019 4236 sui
1057 4175 1204 4256 corporis
1244 4182 1386 4242 remotis

175 4279 407 4346 steriticiurnm
438 4266 617 4330 carnalium
648 4260 934 4324 obseruationibus
970 4263 1116 4342 seipsum
1155 4260 1217 4324 tibi
1249 4285 1383 4329 sacram

176 4370 327 4433 hostiam,
352 4374 540 4440 agnumque
571 4348 807 4413 inmaculatum
833 4368 981 4410 summus
1005 4350 1159 4412 sacerdos
1184 4370 1246 4432 pro
1273 4354 1385 4418 salute

176 4471 288 4522 ndstra
305 4443 495 4516 innnolnuit.
542 4440 602 4501 Per
616 4456 715 4519 quem
732 4436 939 4498 maiestatem
955 4445 1057 4498 tuam.
